
  
  
  
  
  
  
  
  
  
  
 
  
  <record xsi:schemaLocation="http://www.loc.gov/MARC21/slim http://www.loc.gov/standards/marcxml/schema/MARC21slim.xsd">
      <leader>00000cam a2200661 i 4500</leader>
      <controlfield tag="FMT">BK</controlfield>
      <controlfield tag="LDR">00000cam a2200661 i 4500</controlfield>
      <controlfield tag="001">003568167</controlfield>
      <controlfield tag="003">OCoLC</controlfield>
      <controlfield tag="005">20160701130948.0</controlfield>
      <controlfield tag="008">120120t20112011gw a     b    101 0 ger c</controlfield>
      <datafield tag="010" ind1=" " ind2=" ">
         <subfield code="a">2011516681</subfield>
      </datafield>
      <datafield tag="016" ind1="7" ind2=" ">
         <subfield code="a">015993683</subfield>
         <subfield code="2">Uk</subfield>
      </datafield>
      <datafield tag="020" ind1=" " ind2=" ">
         <subfield code="a">9783868350630</subfield>
      </datafield>
      <datafield tag="020" ind1=" " ind2=" ">
         <subfield code="a">3868350632</subfield>
      </datafield>
      <datafield tag="035" ind1=" " ind2=" ">
         <subfield code="a">(OCoLC)768810899</subfield>
      </datafield>
      <datafield tag="040" ind1=" " ind2=" ">
         <subfield code="a">OHX</subfield>
         <subfield code="b">eng</subfield>
         <subfield code="e">rda</subfield>
         <subfield code="c">OHX</subfield>
         <subfield code="d">DLC</subfield>
         <subfield code="d">CGU</subfield>
         <subfield code="d">UKMGB</subfield>
         <subfield code="d">ZCU</subfield>
         <subfield code="d">DEBBG</subfield>
         <subfield code="d">YDXCP</subfield>
         <subfield code="d">YUS</subfield>
         <subfield code="d">BWX</subfield>
         <subfield code="d">OCLCQ</subfield>
         <subfield code="d">DTM</subfield>
         <subfield code="d">NNU</subfield>
      </datafield>
      <datafield tag="041" ind1="0" ind2=" ">
         <subfield code="a">ger</subfield>
         <subfield code="a">eng</subfield>
         <subfield code="a">hit</subfield>
      </datafield>
      <datafield tag="042" ind1=" " ind2=" ">
         <subfield code="a">pcc</subfield>
      </datafield>
      <datafield tag="043" ind1=" " ind2=" ">
         <subfield code="a">a-tu---</subfield>
      </datafield>
      <datafield tag="050" ind1="0" ind2="0">
         <subfield code="a">P945</subfield>
         <subfield code="b">.H48 2011</subfield>
      </datafield>
      <datafield tag="072" ind1=" " ind2="7">
         <subfield code="a">P</subfield>
         <subfield code="2">lcco</subfield>
      </datafield>
      <datafield tag="082" ind1="0" ind2="4">
         <subfield code="a">417.7</subfield>
         <subfield code="2">22/ger</subfield>
      </datafield>
      <datafield tag="084" ind1=" " ind2=" ">
         <subfield code="a">BC 7525</subfield>
         <subfield code="2">rvk</subfield>
      </datafield>
      <datafield tag="084" ind1=" " ind2=" ">
         <subfield code="a">EL 7600</subfield>
         <subfield code="2">rvk</subfield>
      </datafield>
      <datafield tag="245" ind1="0" ind2="0">
         <subfield code="a">Hethitische Literatur :</subfield>
         <subfield code="b">Überlieferungsprozesse, Textstrukturen, Ausdrucksformen und Nachwirken : Akten des Symposiums vom 18. bis 20. Februar 2010 in Bonn /</subfield>
         <subfield code="c">herausgegeben von Manfred Hutter und Sylvia Hutter-Braunsar.</subfield>
      </datafield>
      <datafield tag="260" ind1=" " ind2=" ">
         <subfield code="a">Münster :</subfield>
         <subfield code="b">Ugarit-Verlag,</subfield>
         <subfield code="c">2011, ©2011.</subfield>
      </datafield>
      <datafield tag="300" ind1=" " ind2=" ">
         <subfield code="a">311 pages :</subfield>
         <subfield code="b">illustrations ;</subfield>
         <subfield code="c">25 cm.</subfield>
      </datafield>
      <datafield tag="336" ind1=" " ind2=" ">
         <subfield code="a">text</subfield>
         <subfield code="b">txt</subfield>
         <subfield code="2">rdacontent</subfield>
      </datafield>
      <datafield tag="337" ind1=" " ind2=" ">
         <subfield code="a">unmediated</subfield>
         <subfield code="b">n</subfield>
         <subfield code="2">rdamedia</subfield>
      </datafield>
      <datafield tag="338" ind1=" " ind2=" ">
         <subfield code="a">volume</subfield>
         <subfield code="b">nc</subfield>
         <subfield code="2">rdacarrier</subfield>
      </datafield>
      <datafield tag="490" ind1="1" ind2=" ">
         <subfield code="a">Alter Orient und Altes Testament ;</subfield>
         <subfield code="v">Bd. 391</subfield>
      </datafield>
      <datafield tag="504" ind1=" " ind2=" ">
         <subfield code="a">Includes bibliographical references and index.</subfield>
      </datafield>
      <datafield tag="505" ind1="0" ind2="0">
         <subfield code="t">Aspekte der Gesten- und Gebärdensprache im "Ullimkummi-Lied" /</subfield>
         <subfield code="r">Silvia Alaura --</subfield>
         <subfield code="t">Primordial obstetrics : "The song of emergence" (CTH 344) /</subfield>
         <subfield code="r">Gary Beckman --</subfield>
         <subfield code="t">Methoden zur Analyse von Texten des Traditionsgutes : Ihre Leistungen und Grenzen /</subfield>
         <subfield code="r">Birgit Christiansen --</subfield>
         <subfield code="t">"Words of clay, " "words of the water" : introduction to the Ḫutuši magic ritual /</subfield>
         <subfield code="r">Carlo Corti --</subfield>
         <subfield code="t">Erzählte Vergangenheit und kulturelles Gedächtnis im hethitischen Schriftum : Die so genannte Palastchronik /</subfield>
         <subfield code="r">Paolo Dardano --</subfield>
         <subfield code="t">Idiome in hethitischer Literatur und in griechisher Dichtung : Anatolische bzw. akkadische Lehnübersetzungen oder indogermanische Phraseologie? /</subfield>
         <subfield code="r">José L. García Ramón --</subfield>
         <subfield code="t">Das Huhn, das Ei und die Schlange : Mythos und Ritual im Illuyanka-Text /</subfield>
         <subfield code="r">Amir Gilan --</subfield>
         <subfield code="t">Sammeltafeln : Zufallsprodukt von Schreiben oder Ausdruck von hethitischen Literaturverständnis? /</subfield>
         <subfield code="r">Manfred Hutter --</subfield>
         <subfield code="t">Vergleichende Untersuchungen zu den Texten über eine aus Zorn verschwundene Gottheit /</subfield>
         <subfield code="r">Sylvia Hutter-Braunsar --</subfield>
         <subfield code="t">On different texts of the Hittite royal funerary rituals : CTH 450 reconsidered /</subfield>
         <subfield code="r">Magdalena Kapeluś --</subfield>
         <subfield code="t">Accentuation and poetic meter in Hittite /</subfield>
         <subfield code="r">Alwin Kloekhorst --</subfield>
      </datafield>
      <datafield tag="505" ind1="8" ind2="0">
         <subfield code="t">"Und Ḫattuši li nahm ums bei der Hand" : die so genannte Apologie (CTH 81) im Licht moderner Erzähltheorie /</subfield>
         <subfield code="r">Maria Lepši --</subfield>
         <subfield code="t">A propos de la mythologie hittite : innovation et tradition /</subfield>
         <subfield code="r">Michel Mazoyer --</subfield>
         <subfield code="t">Die hethitischen Dienstanweisungen : zwischen Vorschrift und Traditionsliteratur /</subfield>
         <subfield code="r">Jared L. Miller --</subfield>
         <subfield code="t">Fachsprachliche Merkmale in den hethitischen Ritualbeschreibungen /</subfield>
         <subfield code="r">Elisabeth Rieken --</subfield>
         <subfield code="t">Ea and the beast : the Hittite text and its relation to Greek poetry /</subfield>
         <subfield code="r">Ian Rutherford --</subfield>
         <subfield code="t">Hethitische Topoi in der hieroglyphen-luwischen Historiographie : Bemerkungen zur Frage der Kontinuität /</subfield>
         <subfield code="r">Zsolt Simon --</subfield>
         <subfield code="t">Die Geschichtsschreibung der Hethiter und frühe griechische Historiographie : Wertungsfragen im Lichte der Anatolisch-Ägäische Koinē /</subfield>
         <subfield code="r">Karl Strobel --</subfield>
         <subfield code="t">Hittite rituals as literary texts : what do we know about their original editions? /</subfield>
         <subfield code="r">Piotr Taracha --</subfield>
         <subfield code="t">The transmission and reception of the Sargonic sagas in the Hittite world /</subfield>
         <subfield code="r">Joan Goodnick Westenholz.</subfield>
      </datafield>
      <datafield tag="650" ind1=" " ind2="0">
         <subfield code="a">Hittite language</subfield>
         <subfield code="v">Texts</subfield>
         <subfield code="v">Congresses.</subfield>
      </datafield>
      <datafield tag="650" ind1=" " ind2="0">
         <subfield code="a">Hittites</subfield>
         <subfield code="x">Civilization</subfield>
         <subfield code="v">Congresses.</subfield>
      </datafield>
      <datafield tag="650" ind1=" " ind2="0">
         <subfield code="a">Hittite literature</subfield>
         <subfield code="v">Congresses.</subfield>
      </datafield>
      <datafield tag="650" ind1=" " ind2="0">
         <subfield code="a">Cuneiform tablets</subfield>
         <subfield code="z">Turkey</subfield>
         <subfield code="v">Congresses.</subfield>
      </datafield>
      <datafield tag="700" ind1="1" ind2=" ">
         <subfield code="a">Hutter, Manfred,</subfield>
         <subfield code="d">1957-</subfield>
      </datafield>
      <datafield tag="700" ind1="1" ind2=" ">
         <subfield code="a">Hutter-Braunsar, Sylvia.</subfield>
      </datafield>
      <datafield tag="830" ind1=" " ind2="0">
         <subfield code="a">Alter Orient und Altes Testament ;</subfield>
         <subfield code="v">Bd. 391.</subfield>
      </datafield>
      <datafield tag="994" ind1=" " ind2=" ">
         <subfield code="a">Z0</subfield>
         <subfield code="b">ZYU</subfield>
      </datafield>
      <datafield tag="OWN" ind1=" " ind2=" ">
         <subfield code="a">GENERAL</subfield>
      </datafield>
      <datafield tag="AVA" ind1=" " ind2=" ">
         <subfield code="a">NYU50</subfield>
         <subfield code="b">NISAW</subfield>
         <subfield code="c">Small Collection</subfield>
         <subfield code="d">P945 .H48 2011</subfield>
         <subfield code="e">available</subfield>
         <subfield code="t">Available</subfield>
         <subfield code="f">1</subfield>
         <subfield code="g">0</subfield>
         <subfield code="h">N</subfield>
         <subfield code="i">0</subfield>
         <subfield code="j">SMALL</subfield>
         <subfield code="k">0</subfield>
      </datafield>
      <marc:datafield tag="852" ind1=" " ind2=" ">
         <marc:subfield code="b">Institute for the Study of the Ancient World, </marc:subfield>
         <marc:subfield code="c">Small Collection</marc:subfield>
         <marc:subfield code="e">15 East 84th St., </marc:subfield>
         <marc:subfield code="e">New York, NY  10028</marc:subfield>
      </marc:datafield>
   </record>