
  
  
  
  
  
  
  
 
  
  <record xsi:schemaLocation="http://www.loc.gov/MARC21/slim http://www.loc.gov/standards/marcxml/schema/MARC21slim.xsd">
      <leader>00000cam a22003494a 4500</leader>
      <controlfield tag="FMT">BK</controlfield>
      <controlfield tag="LDR">00000cam a22003494a 4500</controlfield>
      <controlfield tag="001">000024499</controlfield>
      <controlfield tag="003">NNU</controlfield>
      <controlfield tag="005">20160701131239.0</controlfield>
      <controlfield tag="008">060412s2007    ilua     b    011 0 eng c</controlfield>
      <datafield tag="016" ind1="7" ind2=" ">
         <subfield code="a">013455779</subfield>
         <subfield code="2">Uk</subfield>
      </datafield>
      <datafield tag="020" ind1=" " ind2=" ">
         <subfield code="a">1885923449 (pbk.)</subfield>
      </datafield>
      <datafield tag="020" ind1=" " ind2=" ">
         <subfield code="a">9781885923448 (pbk.)</subfield>
      </datafield>
      <datafield tag="035" ind1=" " ind2=" ">
         <subfield code="a">(NYU)NYUb13594676</subfield>
      </datafield>
      <datafield tag="035" ind1=" " ind2=" ">
         <subfield code="a">(OCoLC)67873765</subfield>
         <subfield code="z">(OCoLC)144516328</subfield>
      </datafield>
      <datafield tag="035" ind1=" " ind2=" ">
         <subfield code="a">(OCoLC)ocm67873765</subfield>
      </datafield>
      <datafield tag="035" ind1="9" ind2=" ">
         <subfield code="a">NYUb13594676</subfield>
      </datafield>
      <datafield tag="040" ind1=" " ind2=" ">
         <subfield code="a">UKM</subfield>
         <subfield code="c">UKM</subfield>
         <subfield code="d">BAKER</subfield>
         <subfield code="d">BTCTA</subfield>
         <subfield code="d">YDXCP</subfield>
         <subfield code="d">CGU</subfield>
         <subfield code="d">WAU</subfield>
         <subfield code="d">NNU</subfield>
      </datafield>
      <datafield tag="041" ind1="0" ind2=" ">
         <subfield code="a">eng</subfield>
         <subfield code="a">ger</subfield>
      </datafield>
      <datafield tag="042" ind1=" " ind2=" ">
         <subfield code="a">pcc</subfield>
      </datafield>
      <datafield tag="050" ind1=" " ind2="4">
         <subfield code="a">PJ3126.B54</subfield>
         <subfield code="b">S89 2007</subfield>
      </datafield>
      <datafield tag="082" ind1="0" ind2="4">
         <subfield code="a">492.1</subfield>
         <subfield code="2">22</subfield>
      </datafield>
      <datafield tag="245" ind1="0" ind2="0">
         <subfield code="a">Studies presented to Robert D. Biggs, June 4, 2004 /</subfield>
         <subfield code="c">edited by Martha T. Roth ... [et al.].</subfield>
      </datafield>
      <datafield tag="260" ind1=" " ind2=" ">
         <subfield code="a">Chicago, Ill. :</subfield>
         <subfield code="b">Oriental Institute of the University of Chicago,</subfield>
         <subfield code="c">2007.</subfield>
      </datafield>
      <datafield tag="300" ind1=" " ind2=" ">
         <subfield code="a">liv, 362 p. :</subfield>
         <subfield code="b">ill. ;</subfield>
         <subfield code="c">25 cm.</subfield>
      </datafield>
      <datafield tag="490" ind1="1" ind2=" ">
         <subfield code="a">Assyriological studies ;</subfield>
         <subfield code="v">no. 27</subfield>
      </datafield>
      <datafield tag="490" ind1="1" ind2=" ">
         <subfield code="a">From the workshop of the Chicago Assyrian dictionary ;</subfield>
         <subfield code="v">v. 2</subfield>
      </datafield>
      <datafield tag="505" ind1="0" ind2="0">
         <subfield code="t">Brief commentary on the Hittite Illuyanka myth (CTH 321) /</subfield>
         <subfield code="r">Hoffner, Harry A. --</subfield>
         <subfield code="t">How to make the gods speak: a late Babylonian tablet related to the microzodiac /</subfield>
         <subfield code="r">Hunger, Hermann --</subfield>
         <subfield code="t">Zum imperativ des Semitischen /</subfield>
         <subfield code="r">Kienast, Burkhart --</subfield>
         <subfield code="t">Of babies, boats, and arks /</subfield>
         <subfield code="r">Kilmer , Anne Draffkorn --</subfield>
         <subfield code="t">Exotic Babylonian god-list /</subfield>
         <subfield code="r">Lambert, W.G. --</subfield>
         <subfield code="t">Going to the river /</subfield>
         <subfield code="r">Larsen, Mogens Trolle --</subfield>
         <subfield code="t">Esarhaddon's exile: some speculative history /</subfield>
         <subfield code="r">Leichty, Erle V. --</subfield>
         <subfield code="t">Samas of Sippar and the First Dynasty oftest Babylon /</subfield>
         <subfield code="r">Myers, Jennie --</subfield>
         <subfield code="t">Another harbinger of the golden age /</subfield>
         <subfield code="r">Reiner, Erica --</subfield>
         <subfield code="t">On amputation, beating, and illegal seizure /</subfield>
         <subfield code="r">Roth, Martha T. --</subfield>
         <subfield code="t">On sand dunes, mountain ranges, and mountain peaks /</subfield>
         <subfield code="r">Steinkeller, Piotr --</subfield>
         <subfield code="t">Remarks on some Sumerograms and Akkadian words /</subfield>
         <subfield code="r">Stol, Marten --</subfield>
         <subfield code="t">Ksar texts: excavated--but not in Berlin /</subfield>
         <subfield code="r">Stolper, Matthew W. --</subfield>
         <subfield code="t">Sisterly advice on an endangered marriage in an old Assyrian letter /</subfield>
         <subfield code="r">Veenhof, K.R. --</subfield>
      </datafield>
      <datafield tag="505" ind1="0" ind2="0">
         <subfield code="t">True shepherd of Uruk /</subfield>
         <subfield code="r">Westenholz, Joan Goodnick --</subfield>
         <subfield code="t">Paleography and values of the sign Kib /</subfield>
         <subfield code="r">Woods, Christopher --</subfield>
         <subfield code="t">Clay sealings from the early dynastic I levels of the Inanna Temple at Nippur: a preliminary analysis /</subfield>
         <subfield code="r">Zettler, Richard L.</subfield>
      </datafield>
      <datafield tag="530" ind1=" " ind2=" ">
         <subfield code="a">Also available via the World Wide Web.</subfield>
      </datafield>
      <datafield tag="650" ind1=" " ind2="0">
         <subfield code="a">Akkadian language.</subfield>
      </datafield>
      <datafield tag="650" ind1=" " ind2="0">
         <subfield code="a">Assyro-Babylonian literature.</subfield>
      </datafield>
      <datafield tag="650" ind1=" " ind2="0">
         <subfield code="a">Sumerian language.</subfield>
      </datafield>
      <datafield tag="600" ind1="1" ind2="0">
         <subfield code="a">Biggs, Robert D.</subfield>
      </datafield>
      <datafield tag="700" ind1="1" ind2=" ">
         <subfield code="a">Biggs, Robert D.</subfield>
      </datafield>
      <datafield tag="700" ind1="1" ind2=" ">
         <subfield code="a">Roth, Martha Tobi.</subfield>
      </datafield>
      <datafield tag="776" ind1="1" ind2=" ">
         <subfield code="i">Online version:</subfield>
         <subfield code="a">Studies presented to Robert D. Biggs, June 4, 2004</subfield>
         <subfield code="w">(BSN) 003667491</subfield>
      </datafield>
      <datafield tag="830" ind1=" " ind2="0">
         <subfield code="a">Assyriological studies ;</subfield>
         <subfield code="v">no. 27.</subfield>
      </datafield>
      <datafield tag="830" ind1=" " ind2="0">
         <subfield code="a">From the workshop of the Chicago Assyrian dictionary ;</subfield>
         <subfield code="v">v. 2.</subfield>
      </datafield>
      <datafield tag="994" ind1=" " ind2=" ">
         <subfield code="a">Z0</subfield>
         <subfield code="b">ZYU</subfield>
      </datafield>
      <datafield tag="OWN" ind1=" " ind2=" ">
         <subfield code="a">GENERAL</subfield>
      </datafield>
      <datafield tag="AVA" ind1=" " ind2=" ">
         <subfield code="a">NYU50</subfield>
         <subfield code="b">NISAW</subfield>
         <subfield code="c">Small Collection</subfield>
         <subfield code="d">PJ3126.B54 S89 2007</subfield>
         <subfield code="e">available</subfield>
         <subfield code="t">Available</subfield>
         <subfield code="f">1</subfield>
         <subfield code="g">0</subfield>
         <subfield code="h">N</subfield>
         <subfield code="i">0</subfield>
         <subfield code="j">SMALL</subfield>
         <subfield code="k">0</subfield>
      </datafield>
      <marc:datafield tag="852" ind1=" " ind2=" ">
         <marc:subfield code="b">Institute for the Study of the Ancient World, </marc:subfield>
         <marc:subfield code="c">Small Collection</marc:subfield>
         <marc:subfield code="e">15 East 84th St., </marc:subfield>
         <marc:subfield code="e">New York, NY  10028</marc:subfield>
      </marc:datafield>
   </record>