
  
  
  
  
  
  
  
  
 
  
  <record xsi:schemaLocation="http://www.loc.gov/MARC21/slim http://www.loc.gov/standards/marcxml/schema/MARC21slim.xsd">
      <leader>00000cam a2200421 a 4500</leader>
      <controlfield tag="FMT">BK</controlfield>
      <controlfield tag="LDR">00000cam a2200421 a 4500</controlfield>
      <controlfield tag="001">004146288</controlfield>
      <controlfield tag="003">OCoLC</controlfield>
      <controlfield tag="005">20160705161415.0</controlfield>
      <controlfield tag="008">150608m20009999pl abe   bc   001 0 eng d</controlfield>
      <datafield tag="020" ind1=" " ind2=" ">
         <subfield code="a">8386842644</subfield>
         <subfield code="q">v.1</subfield>
      </datafield>
      <datafield tag="020" ind1=" " ind2=" ">
         <subfield code="a">9788386842643</subfield>
         <subfield code="q">v.1</subfield>
      </datafield>
      <datafield tag="020" ind1=" " ind2=" ">
         <subfield code="a">9788375431223</subfield>
         <subfield code="q">v.2</subfield>
      </datafield>
      <datafield tag="020" ind1=" " ind2=" ">
         <subfield code="a">9788375432336</subfield>
         <subfield code="q">v.3</subfield>
      </datafield>
      <datafield tag="020" ind1=" " ind2=" ">
         <subfield code="a">9788323516859</subfield>
         <subfield code="q">v.4</subfield>
      </datafield>
      <datafield tag="035" ind1=" " ind2=" ">
         <subfield code="a">(OCoLC)48652826</subfield>
      </datafield>
      <datafield tag="040" ind1=" " ind2=" ">
         <subfield code="a">CIN</subfield>
         <subfield code="b">eng</subfield>
         <subfield code="c">CIN</subfield>
         <subfield code="d">OCLCQ</subfield>
         <subfield code="d">YDXCP</subfield>
         <subfield code="d">OCLCQ</subfield>
         <subfield code="d">GEBAY</subfield>
         <subfield code="d">MEAUC</subfield>
         <subfield code="d">OHX</subfield>
         <subfield code="d">OCLCQ</subfield>
         <subfield code="d">NNU</subfield>
      </datafield>
      <datafield tag="041" ind1="1" ind2=" ">
         <subfield code="a">eng</subfield>
         <subfield code="a">fre</subfield>
         <subfield code="h">und</subfield>
      </datafield>
      <datafield tag="043" ind1=" " ind2=" ">
         <subfield code="a">f-ua---</subfield>
      </datafield>
      <datafield tag="050" ind1=" " ind2="4">
         <subfield code="a">DT73.T248</subfield>
         <subfield code="b">T45 2000</subfield>
      </datafield>
      <datafield tag="072" ind1=" " ind2="7">
         <subfield code="a">NK</subfield>
         <subfield code="2">lcco</subfield>
      </datafield>
      <datafield tag="245" ind1="0" ind2="0">
         <subfield code="a">Tell Atrib, 1985-1995.</subfield>
      </datafield>
      <datafield tag="260" ind1=" " ind2=" ">
         <subfield code="a">Warszawa :</subfield>
         <subfield code="b">Wydawn. Neriton,</subfield>
         <subfield code="c">2000-</subfield>
      </datafield>
      <datafield tag="300" ind1=" " ind2=" ">
         <subfield code="a">volumes :</subfield>
         <subfield code="b">illustrations, maps, plans ;</subfield>
         <subfield code="c">29 cm.</subfield>
      </datafield>
      <datafield tag="336" ind1=" " ind2=" ">
         <subfield code="a">text</subfield>
         <subfield code="b">txt</subfield>
         <subfield code="2">rdacontent</subfield>
      </datafield>
      <datafield tag="337" ind1=" " ind2=" ">
         <subfield code="a">unmediated</subfield>
         <subfield code="b">n</subfield>
         <subfield code="2">rdamedia</subfield>
      </datafield>
      <datafield tag="338" ind1=" " ind2=" ">
         <subfield code="a">volume</subfield>
         <subfield code="b">nc</subfield>
         <subfield code="2">rdacarrier</subfield>
      </datafield>
      <datafield tag="490" ind1="1" ind2=" ">
         <subfield code="a">Prace Zakładu Archeologii Śródziemnomorskiej Polskiej Akademii Nauk ;</subfield>
         <subfield code="v">t. 34</subfield>
         <subfield code="a">= Travaux du Centre d'archéologie méditerranéenne de l'Académie polonaise des sciences ;</subfield>
         <subfield code="v">t. 34</subfield>
      </datafield>
      <datafield tag="490" ind1="1" ind2=" ">
         <subfield code="a">PAM monograph series ;</subfield>
         <subfield code="v">5</subfield>
      </datafield>
      <datafield tag="500" ind1=" " ind2=" ">
         <subfield code="a">At head of title (v. 2): Centre d'archéologie méditerranéenne de l'Académie polonaise des sciences et Centre Kazimierz Michałowski d'archéologie méditerranéenne de l'Université de Versovie.</subfield>
      </datafield>
      <datafield tag="500" ind1=" " ind2=" ">
         <subfield code="a">At head of title (v. 3): Institut des cultures méditerranéennes et orientales de l'Académie polonaise des sciences et Centre Kazimierz Michałowski d'archéologie méditerranéenne de l'Université de Versovie.</subfield>
      </datafield>
      <datafield tag="546" ind1=" " ind2=" ">
         <subfield code="a">v. 1 and 3 in English, v. 2 in French; added title pages in Polish.</subfield>
      </datafield>
      <datafield tag="500" ind1=" " ind2=" ">
         <subfield code="a">v. 1-2: folded plans in pockets.</subfield>
      </datafield>
      <datafield tag="504" ind1=" " ind2=" ">
         <subfield code="a">Includes bibliographical references and indexes.</subfield>
      </datafield>
      <datafield tag="505" ind1="1" ind2="0">
         <subfield code="g">1.</subfield>
         <subfield code="t">Stemple ceramiczne ; wykopaliska ratunkowe =</subfield>
         <subfield code="t">Pottery stamps ; rescue excavatons.</subfield>
         <subfield code="t">Rescue excavations at Tell Atrib in 1985-1995 /</subfield>
         <subfield code="r">Karol Myśliwiec --</subfield>
         <subfield code="t">Pottery stamps /</subfield>
         <subfield code="r">Zofia Sztetyłło.</subfield>
         <subfield code="g">2.</subfield>
         <subfield code="t">Les monnaies, context archéologique =</subfield>
         <subfield code="t">Monety, kontekst archeologiczny.</subfield>
         <subfield code="t">Contexte archéologique /</subfield>
         <subfield code="r">Karol Myśliwiec --</subfield>
         <subfield code="t">Les monnaies /</subfield>
         <subfield code="r">Aleksandra Krzyżanowska.</subfield>
         <subfield code="g">3.</subfield>
         <subfield code="t">Terracotta oil lamps =</subfield>
         <subfield code="t">Terakotowe lampki oliwne /</subfield>
         <subfield code="r">Jolanta Młynarczyk.</subfield>
         <subfield code="g">4.</subfield>
         <subfield code="t">Faience objects /</subfield>
         <subfield code="r">Fabian Welc.</subfield>
      </datafield>
      <datafield tag="610" ind1="2" ind2="0">
         <subfield code="a">Tell Atrib Site (Egypt)</subfield>
      </datafield>
      <datafield tag="650" ind1=" " ind2="0">
         <subfield code="a">Excavations (Archaeology)</subfield>
         <subfield code="z">Egypt</subfield>
         <subfield code="z">Tell Atrib Site.</subfield>
      </datafield>
      <datafield tag="650" ind1=" " ind2="0">
         <subfield code="a">Pottery, Ancient</subfield>
         <subfield code="z">Egypt</subfield>
         <subfield code="z">Tell Atrib Site.</subfield>
      </datafield>
      <datafield tag="650" ind1=" " ind2="0">
         <subfield code="a">Coins, Ancient</subfield>
         <subfield code="z">Egypt</subfield>
         <subfield code="z">Tell Atrib Site.</subfield>
      </datafield>
      <datafield tag="650" ind1=" " ind2="0">
         <subfield code="a">Pottery</subfield>
         <subfield code="x">Marks</subfield>
         <subfield code="v">Catalogs.</subfield>
      </datafield>
      <datafield tag="651" ind1=" " ind2="0">
         <subfield code="a">Egypt</subfield>
         <subfield code="x">Antiquities.</subfield>
      </datafield>
      <datafield tag="700" ind1="1" ind2=" ">
         <subfield code="a">Sztetyłło, Zofia.</subfield>
      </datafield>
      <datafield tag="700" ind1="1" ind2=" ">
         <subfield code="a">Myśliwiec, Karol.</subfield>
      </datafield>
      <datafield tag="700" ind1="1" ind2=" ">
         <subfield code="a">Krzyżanowska, Aleksandra.</subfield>
      </datafield>
      <datafield tag="710" ind1="2" ind2=" ">
         <subfield code="a">Polska Akademia Nauk.</subfield>
         <subfield code="b">Zakład Archeologii Śródziemnomorskiej.</subfield>
      </datafield>
      <datafield tag="710" ind1="2" ind2=" ">
         <subfield code="a">Uniwersytet Warszawski.</subfield>
         <subfield code="b">Centrum Archeologii Śródziemnomorskiej im. Kazimierza Michałowskiego.</subfield>
      </datafield>
      <datafield tag="830" ind1=" " ind2="0">
         <subfield code="a">Travaux du Centre d'archéologie méditerranéenne de l'Académie polonaise des sciences ;</subfield>
         <subfield code="v">t. 34.</subfield>
      </datafield>
      <datafield tag="830" ind1=" " ind2="0">
         <subfield code="a">PAM monograph series (Polish Centre of Mediterranean Archaeology) ;</subfield>
         <subfield code="v">5.</subfield>
      </datafield>
      <datafield tag="994" ind1=" " ind2=" ">
         <subfield code="a">Z0</subfield>
         <subfield code="b">ZYU</subfield>
      </datafield>
      <datafield tag="OWN" ind1=" " ind2=" ">
         <subfield code="a">GENERAL</subfield>
      </datafield>
      <datafield tag="AVA" ind1=" " ind2=" ">
         <subfield code="a">NYU50</subfield>
         <subfield code="b">NISAW</subfield>
         <subfield code="c">Large Collection</subfield>
         <subfield code="d">DT73.T248 T45 2000</subfield>
         <subfield code="e">available</subfield>
         <subfield code="t">Available</subfield>
         <subfield code="f">4</subfield>
         <subfield code="g">0</subfield>
         <subfield code="h">Y</subfield>
         <subfield code="i">0</subfield>
         <subfield code="j">LARGE</subfield>
         <subfield code="k">0</subfield>
      </datafield>
      <marc:datafield tag="852" ind1=" " ind2=" ">
         <marc:subfield code="b">Institute for the Study of the Ancient World, </marc:subfield>
         <marc:subfield code="c">Large Collection</marc:subfield>
         <marc:subfield code="e">15 East 84th St., </marc:subfield>
         <marc:subfield code="e">New York, NY  10028</marc:subfield>
      </marc:datafield>
   </record>