
  
  
  
  
  
  
 
  
  <record xsi:schemaLocation="http://www.loc.gov/MARC21/slim http://www.loc.gov/standards/marcxml/schema/MARC21slim.xsd">
      <leader>00000cam a2200805 a 4500</leader>
      <controlfield tag="FMT">BK</controlfield>
      <controlfield tag="LDR">00000cam a2200805 a 4500</controlfield>
      <controlfield tag="001">000377556</controlfield>
      <controlfield tag="003">OCoLC</controlfield>
      <controlfield tag="005">20160706141427.0</controlfield>
      <controlfield tag="008">060703s2005    enkabe f b    000 0 eng d</controlfield>
      <datafield tag="010" ind1=" " ind2=" ">
         <subfield code="a">2006389499</subfield>
      </datafield>
      <datafield tag="020" ind1=" " ind2=" ">
         <subfield code="a">9781902937298</subfield>
      </datafield>
      <datafield tag="020" ind1=" " ind2=" ">
         <subfield code="a">1902937295</subfield>
      </datafield>
      <datafield tag="035" ind1=" " ind2=" ">
         <subfield code="a">(OCoLC)64064904</subfield>
         <subfield code="z">(OCoLC)70809987</subfield>
      </datafield>
      <datafield tag="040" ind1=" " ind2=" ">
         <subfield code="a">EQO</subfield>
         <subfield code="b">eng</subfield>
         <subfield code="c">EQO</subfield>
         <subfield code="d">DLC</subfield>
         <subfield code="d">BAKER</subfield>
         <subfield code="d">ORU</subfield>
         <subfield code="d">IXA</subfield>
         <subfield code="d">LRU</subfield>
         <subfield code="d">YDXCP</subfield>
         <subfield code="d">LVB</subfield>
         <subfield code="d">BTCTA</subfield>
         <subfield code="d">CLU</subfield>
         <subfield code="d">OCLCQ</subfield>
         <subfield code="d">FDA</subfield>
         <subfield code="d">OCLCF</subfield>
         <subfield code="d">OCLCQ</subfield>
         <subfield code="d">NNU</subfield>
      </datafield>
      <datafield tag="042" ind1=" " ind2=" ">
         <subfield code="a">lccopycat</subfield>
      </datafield>
      <datafield tag="043" ind1=" " ind2=" ">
         <subfield code="a">a-tu---</subfield>
      </datafield>
      <datafield tag="050" ind1="0" ind2="0">
         <subfield code="a">GN776.32.T9</subfield>
         <subfield code="b">C37 2005</subfield>
      </datafield>
      <datafield tag="050" ind1="1" ind2="4">
         <subfield code="a">DS156.C35</subfield>
         <subfield code="b">C38 2005</subfield>
      </datafield>
      <datafield tag="082" ind1="0" ind2="0">
         <subfield code="a">956.1/01</subfield>
         <subfield code="2">22</subfield>
      </datafield>
      <datafield tag="245" ind1="0" ind2="0">
         <subfield code="a">Çatalhöyük perspectives :</subfield>
         <subfield code="b">reports from the 1995-99 seasons /</subfield>
         <subfield code="c">by members of the Çatalhöyük teams ; edited by Ian Hodder.</subfield>
      </datafield>
      <datafield tag="260" ind1=" " ind2=" ">
         <subfield code="a">London :</subfield>
         <subfield code="b">British Institute at Ankara ;</subfield>
         <subfield code="a">Cambridge, UK :</subfield>
         <subfield code="b">McDonald Institute for Archaeological Research,</subfield>
         <subfield code="c">©2005.</subfield>
      </datafield>
      <datafield tag="300" ind1=" " ind2=" ">
         <subfield code="a">xi, 245 pages :</subfield>
         <subfield code="b">illustrations, maps, plans ;</subfield>
         <subfield code="c">29 cm.</subfield>
      </datafield>
      <datafield tag="336" ind1=" " ind2=" ">
         <subfield code="a">text</subfield>
         <subfield code="b">txt</subfield>
         <subfield code="2">rdacontent</subfield>
      </datafield>
      <datafield tag="337" ind1=" " ind2=" ">
         <subfield code="a">unmediated</subfield>
         <subfield code="b">n</subfield>
         <subfield code="2">rdamedia</subfield>
      </datafield>
      <datafield tag="338" ind1=" " ind2=" ">
         <subfield code="a">volume</subfield>
         <subfield code="b">nc</subfield>
         <subfield code="2">rdacarrier</subfield>
      </datafield>
      <datafield tag="490" ind1="1" ind2=" ">
         <subfield code="a">McDonald Institute monographs</subfield>
      </datafield>
      <datafield tag="490" ind1="1" ind2=" ">
         <subfield code="a">Çatalhöyük research project ;</subfield>
         <subfield code="v">v. 6</subfield>
      </datafield>
      <datafield tag="490" ind1="1" ind2=" ">
         <subfield code="a">BIAA monograph,</subfield>
         <subfield code="x">0969-9007 ;</subfield>
         <subfield code="v">no. 40</subfield>
      </datafield>
      <datafield tag="504" ind1=" " ind2=" ">
         <subfield code="a">Includes bibliographical references (pages 231-245).</subfield>
      </datafield>
      <datafield tag="505" ind1="0" ind2="0">
         <subfield code="g">Introduction /</subfield>
         <subfield code="r">Ian Hodder --</subfield>
         <subfield code="t">The socio-ecology of Çatalhöyük /</subfield>
         <subfield code="r">David Shankland --</subfield>
         <subfield code="t">Entanglements/encounters/engagements with prehistory :</subfield>
         <subfield code="t">Çatalhöyük and its publics /</subfield>
         <subfield code="r">Ayfer Bartu Candan --</subfield>
         <subfield code="t">The nature of Çatalhöyük, people and their changing environment on the Konya Plain /</subfield>
         <subfield code="r">Arlene Rosen &amp; Neil Roberts with a note on modelling field location by Peter Donovan --</subfield>
         <subfield code="t">The history of settlement and social landscapes in the early Holocene in the Çatalhöyük area /</subfield>
         <subfield code="r">Douglas Baird --</subfield>
         <subfield code="t">Group identity and the politics of dwelling at neolithic Çatalhöyük /</subfield>
         <subfield code="r">Eleni Asouti --</subfield>
         <subfield code="t">Seasonality /</subfield>
         <subfield code="r">Andrew Fairbairn [and others] --</subfield>
         <subfield code="t">Foodways at Çatalhöyük /</subfield>
         <subfield code="r">Sonya Atalay &amp; Christine A. Hastorf --</subfield>
         <subfield code="t">Life-cycle and life-course of buildings /</subfield>
         <subfield code="r">Wendy Matthews --</subfield>
         <subfield code="t">The architecture of Çatalhöyük :</subfield>
         <subfield code="t">continuity, household and settlement /</subfield>
         <subfield code="r">Marion Cutting --</subfield>
         <subfield code="t">Fire, burning and pyrotechnology at Çatalhöyük /</subfield>
         <subfield code="r">Craig Cessford &amp; Julie Near --</subfield>
         <subfield code="t">Memory /</subfield>
         <subfield code="r">Ian Hodder --</subfield>
         <subfield code="t">Art /</subfield>
         <subfield code="r">Jonathan Last --</subfield>
         <subfield code="t">Animal representations and animal remains at Çatalhöyük /</subfield>
         <subfield code="r">Nerissa Russell &amp; Stephanie Meece.</subfield>
      </datafield>
      <datafield tag="651" ind1=" " ind2="0">
         <subfield code="a">Çatal Mound (Turkey)</subfield>
      </datafield>
      <datafield tag="650" ind1=" " ind2="0">
         <subfield code="a">Neolithic period</subfield>
         <subfield code="z">Turkey</subfield>
         <subfield code="z">Konya İli.</subfield>
      </datafield>
      <datafield tag="650" ind1=" " ind2="0">
         <subfield code="a">Neolithic period</subfield>
         <subfield code="z">Turkey</subfield>
         <subfield code="z">Çatal Mound.</subfield>
      </datafield>
      <datafield tag="650" ind1=" " ind2="0">
         <subfield code="a">Excavations (Archaeology)</subfield>
         <subfield code="z">Turkey</subfield>
         <subfield code="z">Konya İli.</subfield>
      </datafield>
      <datafield tag="650" ind1=" " ind2="0">
         <subfield code="a">Excavations (Archaeology)</subfield>
         <subfield code="z">Turkey</subfield>
         <subfield code="z">Çatal Mound.</subfield>
      </datafield>
      <datafield tag="650" ind1=" " ind2="0">
         <subfield code="a">Antiquities, Prehistoric</subfield>
         <subfield code="z">Turkey</subfield>
         <subfield code="z">Konya İli.</subfield>
      </datafield>
      <datafield tag="650" ind1=" " ind2="0">
         <subfield code="a">Antiquities, Prehistoric</subfield>
         <subfield code="z">Turkey</subfield>
         <subfield code="z">Çatal Mound.</subfield>
      </datafield>
      <datafield tag="651" ind1=" " ind2="0">
         <subfield code="a">Konya İli (Turkey)</subfield>
         <subfield code="x">Antiquities.</subfield>
      </datafield>
      <datafield tag="650" ind1=" " ind2="7">
         <subfield code="a">Antiquities.</subfield>
         <subfield code="2">fast</subfield>
         <subfield code="0">(OCoLC)fst00810745</subfield>
      </datafield>
      <datafield tag="650" ind1=" " ind2="7">
         <subfield code="a">Antiquities, Prehistoric.</subfield>
         <subfield code="2">fast</subfield>
         <subfield code="0">(OCoLC)fst00810762</subfield>
      </datafield>
      <datafield tag="650" ind1=" " ind2="7">
         <subfield code="a">Excavations (Archaeology)</subfield>
         <subfield code="2">fast</subfield>
         <subfield code="0">(OCoLC)fst00917564</subfield>
      </datafield>
      <datafield tag="650" ind1=" " ind2="7">
         <subfield code="a">Neolithic period.</subfield>
         <subfield code="2">fast</subfield>
         <subfield code="0">(OCoLC)fst01035813</subfield>
      </datafield>
      <datafield tag="651" ind1=" " ind2="7">
         <subfield code="a">Turkey</subfield>
         <subfield code="z">Çatal Mound.</subfield>
         <subfield code="2">fast</subfield>
         <subfield code="0">(OCoLC)fst01240831</subfield>
      </datafield>
      <datafield tag="651" ind1=" " ind2="7">
         <subfield code="a">Turkey</subfield>
         <subfield code="z">Konya İli.</subfield>
         <subfield code="2">fast</subfield>
         <subfield code="0">(OCoLC)fst01251555</subfield>
      </datafield>
      <datafield tag="700" ind1="1" ind2=" ">
         <subfield code="a">Hodder, Ian,</subfield>
         <subfield code="e">editor.</subfield>
      </datafield>
      <datafield tag="710" ind1="2" ind2=" ">
         <subfield code="a">McDonald Institute for Archaeological Research.</subfield>
      </datafield>
      <datafield tag="776" ind1="0" ind2="8">
         <subfield code="i">Online version:</subfield>
         <subfield code="t">Çatalhöyük perspectives.</subfield>
         <subfield code="d">London : British Institute at Ankara ; Cambridge, UK : McDonald Institute for Archaeological Research, ©2005</subfield>
         <subfield code="w">(OCoLC)560921945</subfield>
      </datafield>
      <datafield tag="830" ind1=" " ind2="0">
         <subfield code="a">McDonald Institute monographs.</subfield>
      </datafield>
      <datafield tag="830" ind1=" " ind2="0">
         <subfield code="a">Çatalhöyük Project (Series) ;</subfield>
         <subfield code="v">v. 6.</subfield>
      </datafield>
      <datafield tag="830" ind1=" " ind2="0">
         <subfield code="a">Monograph (British Institute of Archaeology at Ankara) ;</subfield>
         <subfield code="v">no. 40.</subfield>
      </datafield>
      <datafield tag="856" ind1="4" ind2="1">
         <subfield code="3">Table of contents</subfield>
         <subfield code="u">http://catdir.loc.gov/catdir/toc/fy0702/2006389499.html</subfield>
      </datafield>
      <datafield tag="994" ind1=" " ind2=" ">
         <subfield code="a">Z0</subfield>
         <subfield code="b">ZYU</subfield>
      </datafield>
      <datafield tag="OWN" ind1=" " ind2=" ">
         <subfield code="a">GENERAL</subfield>
      </datafield>
      <datafield tag="AVA" ind1=" " ind2=" ">
         <subfield code="a">NYU50</subfield>
         <subfield code="b">NISAW</subfield>
         <subfield code="c">Large Collection</subfield>
         <subfield code="d">GN776.32.T9 C37 2005</subfield>
         <subfield code="e">available</subfield>
         <subfield code="t">Available</subfield>
         <subfield code="f">1</subfield>
         <subfield code="g">0</subfield>
         <subfield code="h">N</subfield>
         <subfield code="i">0</subfield>
         <subfield code="j">LARGE</subfield>
         <subfield code="k">0</subfield>
      </datafield>
      <marc:datafield tag="852" ind1=" " ind2=" ">
         <marc:subfield code="b">Institute for the Study of the Ancient World, </marc:subfield>
         <marc:subfield code="c">Large Collection</marc:subfield>
         <marc:subfield code="e">15 East 84th St., </marc:subfield>
         <marc:subfield code="e">New York, NY  10028</marc:subfield>
      </marc:datafield>
   </record>