
  
  
  
  
  
  
  
  
 
  
  <record xsi:schemaLocation="http://www.loc.gov/MARC21/slim http://www.loc.gov/standards/marcxml/schema/MARC21slim.xsd">
      <leader>00000nam a2200445 i 4500</leader>
      <controlfield tag="FMT">BK</controlfield>
      <controlfield tag="LDR">00000nam a2200445 i 4500</controlfield>
      <controlfield tag="001">004322323</controlfield>
      <controlfield tag="003">OCoLC</controlfield>
      <controlfield tag="005">20160707093617.0</controlfield>
      <controlfield tag="008">160707s2016    cy ae    b    000 0 eng d</controlfield>
      <datafield tag="020" ind1=" " ind2=" ">
         <subfield code="a">9789963285822</subfield>
      </datafield>
      <datafield tag="020" ind1=" " ind2=" ">
         <subfield code="a">9963285821</subfield>
      </datafield>
      <datafield tag="035" ind1=" " ind2=" ">
         <subfield code="a">(OCoLC)953181384</subfield>
      </datafield>
      <datafield tag="040" ind1=" " ind2=" ">
         <subfield code="a">ZYU</subfield>
         <subfield code="b">eng</subfield>
         <subfield code="e">rda</subfield>
         <subfield code="c">ZYU</subfield>
      </datafield>
      <datafield tag="043" ind1=" " ind2=" ">
         <subfield code="a">a-cy---</subfield>
      </datafield>
      <datafield tag="050" ind1=" " ind2="4">
         <subfield code="a">DS54.95.P34</subfield>
         <subfield code="b">K369 2016</subfield>
      </datafield>
      <datafield tag="100" ind1="1" ind2=" ">
         <subfield code="a">Karageorghis, Vassos,</subfield>
         <subfield code="e">author.</subfield>
      </datafield>
      <datafield tag="245" ind1="1" ind2="0">
         <subfield code="a">Palaepaphos-Skales :</subfield>
         <subfield code="b">tombs of the late Cypriote IIIB and Cypro-geometric periods (excavations of 2008 and 2011) /</subfield>
         <subfield code="c">by Vassos Karageorghis and Efstathios Raptou ; with contributions by A. Charalambous [and 6 others].</subfield>
      </datafield>
      <datafield tag="264" ind1=" " ind2="1">
         <subfield code="a">Nicosia :</subfield>
         <subfield code="b">The Cyprus Institute,</subfield>
         <subfield code="c">2016.</subfield>
      </datafield>
      <datafield tag="300" ind1=" " ind2=" ">
         <subfield code="a">xvi, 162 pages; ci pages of plates :</subfield>
         <subfield code="b">illustrations (some color), black-and-white plans ;</subfield>
         <subfield code="c">31 cm</subfield>
      </datafield>
      <datafield tag="336" ind1=" " ind2=" ">
         <subfield code="a">text</subfield>
         <subfield code="b">txt</subfield>
         <subfield code="2">rdacontent</subfield>
      </datafield>
      <datafield tag="337" ind1=" " ind2=" ">
         <subfield code="a">unmediated</subfield>
         <subfield code="b">n</subfield>
         <subfield code="2">rdamedia</subfield>
      </datafield>
      <datafield tag="338" ind1=" " ind2=" ">
         <subfield code="a">volume</subfield>
         <subfield code="b">nc</subfield>
         <subfield code="2">rdacarrier</subfield>
      </datafield>
      <datafield tag="504" ind1=" " ind2=" ">
         <subfield code="a">Includes bibliographical references (pages 157-162).</subfield>
      </datafield>
      <datafield tag="505" ind1="0" ind2="0">
         <subfield code="t">Preface /</subfield>
         <subfield code="r">by Vassos Kargeorghis --</subfield>
         <subfield code="t">The excavations /</subfield>
         <subfield code="r">by Efstathios Raptou --</subfield>
         <subfield code="t">Tomb contents and chronology /</subfield>
         <subfield code="r">by Vassos Karageorghis --</subfield>
         <subfield code="t">Summary and historical conclusions /</subfield>
         <subfield code="r">by Vassos Karageorghis.</subfield>
         <subfield code="g">Appendix 1.</subfield>
         <subfield code="t">An eleventh century BC handmade burnished ware pyxis from Palaepaphos-Skales, tomb 224/12 /</subfield>
         <subfield code="r">by Vassos Karageorghis --</subfield>
         <subfield code="g">Appendix 2.</subfield>
         <subfield code="t">pXRF analysis of tombs 61/21 and 224/12 (Palaepaphos-Skales), tomb 26/21 (Kourion-Kaloriziki) and local ceramics from Palaepaphos /</subfield>
         <subfield code="r">by Andreas Charalambous --</subfield>
         <subfield code="g">Appendix 3.</subfield>
         <subfield code="t">The bronze amphora tomb 187/17 /</subfield>
         <subfield code="r">by Vassos Karageorghis --</subfield>
         <subfield code="g">Appendix 4.</subfield>
         <subfield code="t">Animals and riders : terracotta figurines from Palaepaphos-Skales /</subfield>
         <subfield code="r">by Efstathios Raptou --</subfield>
         <subfield code="g">Appendix 5.</subfield>
         <subfield code="t">A bronze bowl from Palaepaphos-Skales with new Cypro-Minoan inscription from the Cypro-geometric period /</subfield>
         <subfield code="r">by Markus Egetmeyer --</subfield>
         <subfield code="g">Appendix 6.</subfield>
         <subfield code="t">Scarabée tomb 197/52 /</subfield>
         <subfield code="r">by Gisèle Clerc --</subfield>
         <subfield code="g">Appendix 7.</subfield>
         <subfield code="t">The human remains /</subfield>
         <subfield code="r">by Kirsi O. Lorentz --</subfield>
         <subfield code="g">Appendix 8.</subfield>
         <subfield code="t">Astragali and other animal remains from the Palaepaphos-Skales tombs /</subfield>
         <subfield code="r">by Paul Croft --</subfield>
         <subfield code="g">Appendix 9.</subfield>
         <subfield code="t">Marine molluscs from two toms at Palaepaphos-Skales /</subfield>
         <subfield code="r">by Andreas Demetropoulos --</subfield>
         <subfield code="g">Appendix 10.</subfield>
         <subfield code="t">Mineralised textiles on tomb 203/79 and tomb 235/31 /</subfield>
         <subfield code="r">by Diana Wood Conroy.</subfield>
      </datafield>
      <datafield tag="650" ind1=" " ind2="0">
         <subfield code="a">Excavations (Archaeology)</subfield>
         <subfield code="z">Cyprus</subfield>
         <subfield code="z">Palaepaphos-Skales Site.</subfield>
      </datafield>
      <datafield tag="650" ind1=" " ind2="0">
         <subfield code="a">Tombs</subfield>
         <subfield code="z">Cyprus</subfield>
         <subfield code="z">Palaepaphos-Skales Site.</subfield>
      </datafield>
      <datafield tag="651" ind1=" " ind2="0">
         <subfield code="a">Palaepaphos-Skales Site (Cyprus)</subfield>
      </datafield>
      <datafield tag="651" ind1=" " ind2="0">
         <subfield code="a">Cyprus</subfield>
         <subfield code="x">Antiquities.</subfield>
      </datafield>
      <datafield tag="700" ind1="1" ind2=" ">
         <subfield code="a">Raptou, Eustathios,</subfield>
         <subfield code="e">author.</subfield>
      </datafield>
      <datafield tag="700" ind1="1" ind2=" ">
         <subfield code="a">Charalambous, Andreas</subfield>
         <subfield code="c">(Analytical chemist)</subfield>
         <subfield code="e">contributor.</subfield>
      </datafield>
      <datafield tag="700" ind1="1" ind2=" ">
         <subfield code="a">Egetmeyer, Markus,</subfield>
         <subfield code="e">contributor.</subfield>
      </datafield>
      <datafield tag="700" ind1="1" ind2=" ">
         <subfield code="a">Clerc, Gisèle,</subfield>
         <subfield code="e">contributor.</subfield>
      </datafield>
      <datafield tag="700" ind1="1" ind2=" ">
         <subfield code="a">Lorentz, Kirsi,</subfield>
         <subfield code="e">contributor.</subfield>
      </datafield>
      <datafield tag="700" ind1="1" ind2=" ">
         <subfield code="a">Croft, Paul W.,</subfield>
         <subfield code="e">contributor.</subfield>
      </datafield>
      <datafield tag="700" ind1="1" ind2=" ">
         <subfield code="a">Demetropoulos, Andreas,</subfield>
         <subfield code="e">contributor.</subfield>
      </datafield>
      <datafield tag="700" ind1="1" ind2=" ">
         <subfield code="a">Wood Conroy, Diana,</subfield>
         <subfield code="e">contributor.</subfield>
      </datafield>
      <datafield tag="710" ind1="2" ind2=" ">
         <subfield code="a">Shelby White and Leon Levy Program for Archaeological Publications (Firm),</subfield>
         <subfield code="e">sponsor.</subfield>
      </datafield>
      <datafield tag="710" ind1="2" ind2=" ">
         <subfield code="a">Institute for Aegean Prehistory,</subfield>
         <subfield code="e">sponsor.</subfield>
      </datafield>
      <datafield tag="797" ind1="2" ind2=" ">
         <subfield code="a">White Levy Program Collection.</subfield>
      </datafield>
      <datafield tag="797" ind1="2" ind2=" ">
         <subfield code="a">WLP Collection.</subfield>
      </datafield>
      <datafield tag="994" ind1=" " ind2=" ">
         <subfield code="a">Z0</subfield>
         <subfield code="b">ZYU</subfield>
      </datafield>
      <datafield tag="OWN" ind1=" " ind2=" ">
         <subfield code="a">GENERAL</subfield>
      </datafield>
      <datafield tag="AVA" ind1=" " ind2=" ">
         <subfield code="a">NYU50</subfield>
         <subfield code="b">NISAW</subfield>
         <subfield code="c">Large Collection</subfield>
         <subfield code="d">DS54.95.P34 K369 2016</subfield>
         <subfield code="e">available</subfield>
         <subfield code="t">Available</subfield>
         <subfield code="f">1</subfield>
         <subfield code="g">0</subfield>
         <subfield code="h">N</subfield>
         <subfield code="i">0</subfield>
         <subfield code="j">LARGE</subfield>
         <subfield code="k">0</subfield>
      </datafield>
      <marc:datafield tag="852" ind1=" " ind2=" ">
         <marc:subfield code="b">Institute for the Study of the Ancient World, </marc:subfield>
         <marc:subfield code="c">Large Collection</marc:subfield>
         <marc:subfield code="e">15 East 84th St., </marc:subfield>
         <marc:subfield code="e">New York, NY  10028</marc:subfield>
      </marc:datafield>
   </record>