
  
  
  
  
  
  
  
  
 
  
  <record xsi:schemaLocation="http://www.loc.gov/MARC21/slim http://www.loc.gov/standards/marcxml/schema/MARC21slim.xsd">
      <leader>00000cam a2200637 i 4500</leader>
      <controlfield tag="FMT">BK</controlfield>
      <controlfield tag="LDR">00000cam a2200637 i 4500</controlfield>
      <controlfield tag="001">003976547</controlfield>
      <controlfield tag="003">OCoLC</controlfield>
      <controlfield tag="005">20160707104559.0</controlfield>
      <controlfield tag="008">131118s2014    inuab    b    000 0 eng</controlfield>
      <datafield tag="010" ind1=" " ind2=" ">
         <subfield code="a">2013042777</subfield>
      </datafield>
      <datafield tag="020" ind1=" " ind2=" ">
         <subfield code="a">9781575069470</subfield>
      </datafield>
      <datafield tag="020" ind1=" " ind2=" ">
         <subfield code="a">1575069474</subfield>
      </datafield>
      <datafield tag="035" ind1="7" ind2=" ">
         <subfield code="a">ybp10820578</subfield>
      </datafield>
      <datafield tag="035" ind1=" " ind2=" ">
         <subfield code="a">(OCoLC)864391580</subfield>
      </datafield>
      <datafield tag="040" ind1=" " ind2=" ">
         <subfield code="a">DLC</subfield>
         <subfield code="b">eng</subfield>
         <subfield code="e">rda</subfield>
         <subfield code="c">DLC</subfield>
         <subfield code="d">YDX</subfield>
         <subfield code="d">YDXCP</subfield>
         <subfield code="d">CDX</subfield>
         <subfield code="d">JET</subfield>
         <subfield code="d">OCLCF</subfield>
         <subfield code="d">NNU</subfield>
      </datafield>
      <datafield tag="042" ind1=" " ind2=" ">
         <subfield code="a">pcc</subfield>
      </datafield>
      <datafield tag="043" ind1=" " ind2=" ">
         <subfield code="a">a-is---</subfield>
      </datafield>
      <datafield tag="050" ind1="0" ind2="0">
         <subfield code="a">DS110.J36</subfield>
         <subfield code="b">D48 2014</subfield>
      </datafield>
      <datafield tag="082" ind1="0" ind2="0">
         <subfield code="a">933/.4</subfield>
         <subfield code="2">23</subfield>
      </datafield>
      <datafield tag="100" ind1="1" ind2=" ">
         <subfield code="a">Dever, William G.,</subfield>
         <subfield code="e">author.</subfield>
      </datafield>
      <datafield tag="245" ind1="1" ind2="0">
         <subfield code="a">Excavations at the Early Bronze IV sites of Jebel Qa'aqir and Be'er Resisim /</subfield>
         <subfield code="c">by William G. Dever.</subfield>
      </datafield>
      <datafield tag="246" ind1="3" ind2=" ">
         <subfield code="a">Excavations at the Early Bronze Four sites of Jebel Qa'aqir and Be'er Resisim</subfield>
      </datafield>
      <datafield tag="264" ind1=" " ind2="1">
         <subfield code="a">Winona Lake, Indiana :</subfield>
         <subfield code="b">Eisenbrauns,</subfield>
         <subfield code="c">2014.</subfield>
      </datafield>
      <datafield tag="300" ind1=" " ind2=" ">
         <subfield code="a">378 pages :</subfield>
         <subfield code="b">illustrations, maps ;</subfield>
         <subfield code="c">29 cm.</subfield>
      </datafield>
      <datafield tag="336" ind1=" " ind2=" ">
         <subfield code="a">text</subfield>
         <subfield code="2">rdacontent</subfield>
      </datafield>
      <datafield tag="337" ind1=" " ind2=" ">
         <subfield code="a">unmediated</subfield>
         <subfield code="2">rdamedia</subfield>
      </datafield>
      <datafield tag="338" ind1=" " ind2=" ">
         <subfield code="a">volume</subfield>
         <subfield code="2">rdacarrier</subfield>
      </datafield>
      <datafield tag="490" ind1="1" ind2=" ">
         <subfield code="a">Studies in the archaeology and history of the Levant ;</subfield>
         <subfield code="v">6</subfield>
      </datafield>
      <datafield tag="490" ind1="1" ind2=" ">
         <subfield code="a">Harvard Semitic Museum publications</subfield>
      </datafield>
      <datafield tag="500" ind1=" " ind2=" ">
         <subfield code="a">"Summary of salvage excavations in EB IV cemeteries at Jebel Qa'aqir and Be'er Resisim--Provided by the publisher.</subfield>
      </datafield>
      <datafield tag="504" ind1=" " ind2=" ">
         <subfield code="a">Includes bibliographical references (pages 365-378).</subfield>
      </datafield>
      <datafield tag="505" ind1="0" ind2="0">
         <subfield code="g">Part One.</subfield>
         <subfield code="t">Jebel Qa'aqir.</subfield>
         <subfield code="t">The site and the excavations --</subfield>
         <subfield code="t">The cemeteries --</subfield>
         <subfield code="t">The occupied caves --</subfield>
         <subfield code="t">The cairns --</subfield>
         <subfield code="t">The boundary walls and kiln E2026 --</subfield>
         <subfield code="t">Dolmen 1007 and the area G Bamah --</subfield>
         <subfield code="t">Recent scholarship and Jebel Qa'aqir --</subfield>
         <subfield code="t">The unique contributions of Jebel Qa'aqir.</subfield>
         <subfield code="g">Part Two.</subfield>
         <subfield code="t">Be'er Resism.</subfield>
         <subfield code="t">The site --</subfield>
         <subfield code="t">The centrel Negev highlands project --</subfield>
         <subfield code="t">The settlement at Be'er Resisim --</subfield>
         <subfield code="t">Village planning at Be'er Resisim --</subfield>
         <subfield code="t">Off-site structures --</subfield>
         <subfield code="t">Be'er Resisim in the context of the EB IV settlements of the Negev --</subfield>
         <subfield code="t">The economic basis of the Negev EB IV settlements.</subfield>
      </datafield>
      <datafield tag="505" ind1="8" ind2="0">
         <subfield code="g">Appendix IA.</subfield>
         <subfield code="t">Human skeletal remains from Jebel Qa'aqir /</subfield>
         <subfield code="r">Patricia Smith --</subfield>
         <subfield code="g">Appendix IB.</subfield>
         <subfield code="t">Faunal remains from Jebel Qa'aqir /</subfield>
         <subfield code="r">Liora Kolska Horwitz --</subfield>
         <subfield code="g">Appendix IC.</subfield>
         <subfield code="t">Typological and technological comparisons of late third millennium BCE metal implements from Palestine /</subfield>
         <subfield code="r">William G. Dever and John F. Merkel --</subfield>
         <subfield code="g">Appendix ID.</subfield>
         <subfield code="t">Manufacturing technique of late third millennium BCE flat-bottomed pots /</subfield>
         <subfield code="r">Gloria London --</subfield>
         <subfield code="g">Appendex IE.</subfield>
         <subfield code="t">Purchased pottery and copper objects /</subfield>
         <subfield code="r">William G. Dever --</subfield>
         <subfield code="g">Appendix IIA.</subfield>
         <subfield code="t">Preliminary report of the environmental survey --</subfield>
         <subfield code="g">Appendix IIB.</subfield>
         <subfield code="t">Vegetation /</subfield>
         <subfield code="r">Avinoam Danin --</subfield>
         <subfield code="g">Appendix IIC.</subfield>
         <subfield code="t">Archaeological aspects : palynology /</subfield>
         <subfield code="r">James R. Caldwell --</subfield>
         <subfield code="g">Appendix IID.</subfield>
         <subfield code="t">Analysis of wood charcoal /</subfield>
         <subfield code="r">Peter J. Warnock --</subfield>
         <subfield code="g">Appendix IIE.</subfield>
         <subfield code="t">The faunal remains from Be'er Resisim /</subfield>
         <subfield code="r">Dalia Hakker-Orion --</subfield>
         <subfield code="g">Appendix IIF.</subfield>
         <subfield code="t">Human skeletal remains /</subfield>
         <subfield code="r">Yossi Nagar --</subfield>
         <subfield code="g">Appendix IIG.</subfield>
         <subfield code="t">The ground stone artifacts from Be'er Resism /</subfield>
         <subfield code="r">Jennie R. Ebeling --</subfield>
         <subfield code="g">Appendix IIH.</subfield>
         <subfield code="t">The chipped stone assemblage from Be'er Resisim : a final report /</subfield>
         <subfield code="r">Steve Rosen and Jacob Vardi --</subfield>
         <subfield code="g">Appendix II I.</subfield>
         <subfield code="t">A bar ingot from Be'er Resisim /</subfield>
         <subfield code="r">Tamara S. Wheeler --</subfield>
         <subfield code="g">Appendix IIJ.</subfield>
         <subfield code="t">The Be'er Resisim regional survey /</subfield>
         <subfield code="r">Jerome B. Schaefer --</subfield>
         <subfield code="g">Appendix IIK.</subfield>
         <subfield code="t">Har Resisim, 126 : an ephemeral early Bronze age site in the central Negev highlands /</subfield>
         <subfield code="r">Barry M. Gittlen.</subfield>
      </datafield>
      <datafield tag="651" ind1=" " ind2="0">
         <subfield code="a">Jebel Qa'aqir Site (Israel)</subfield>
      </datafield>
      <datafield tag="651" ind1=" " ind2="0">
         <subfield code="a">Beʾer Resisim Site (Israel)</subfield>
      </datafield>
      <datafield tag="650" ind1=" " ind2="0">
         <subfield code="a">Excavations (Archaeology)</subfield>
         <subfield code="z">Israel</subfield>
         <subfield code="z">Jebel Qa'aqir Site.</subfield>
      </datafield>
      <datafield tag="650" ind1=" " ind2="0">
         <subfield code="a">Excavations (Archaeology)</subfield>
         <subfield code="z">Israel</subfield>
         <subfield code="z">Beʼer Resisim Site.</subfield>
      </datafield>
      <datafield tag="651" ind1=" " ind2="0">
         <subfield code="a">Israel</subfield>
         <subfield code="x">Antiquities.</subfield>
      </datafield>
      <datafield tag="650" ind1=" " ind2="0">
         <subfield code="a">Bronze age</subfield>
         <subfield code="z">Israel</subfield>
         <subfield code="z">Jebel Qa'aqir Site.</subfield>
      </datafield>
      <datafield tag="650" ind1=" " ind2="0">
         <subfield code="a">Bronze age</subfield>
         <subfield code="z">Israel</subfield>
         <subfield code="z">Beʼer Resisim Site.</subfield>
      </datafield>
      <datafield tag="650" ind1=" " ind2="7">
         <subfield code="a">Antiquities.</subfield>
         <subfield code="2">fast</subfield>
         <subfield code="0">(OCoLC)fst00810745</subfield>
      </datafield>
      <datafield tag="650" ind1=" " ind2="7">
         <subfield code="a">Bronze age.</subfield>
         <subfield code="2">fast</subfield>
         <subfield code="0">(OCoLC)fst00839439</subfield>
      </datafield>
      <datafield tag="650" ind1=" " ind2="7">
         <subfield code="a">Excavations (Archaeology)</subfield>
         <subfield code="2">fast</subfield>
         <subfield code="0">(OCoLC)fst00917564</subfield>
      </datafield>
      <datafield tag="651" ind1=" " ind2="7">
         <subfield code="a">Israel.</subfield>
         <subfield code="2">fast</subfield>
         <subfield code="0">(OCoLC)fst01204236</subfield>
      </datafield>
      <datafield tag="651" ind1=" " ind2="7">
         <subfield code="a">Israel</subfield>
         <subfield code="z">Beʼer Resisim Site.</subfield>
         <subfield code="2">fast</subfield>
         <subfield code="0">(OCoLC)fst01911031</subfield>
      </datafield>
      <datafield tag="651" ind1=" " ind2="7">
         <subfield code="a">Israel</subfield>
         <subfield code="z">Jebel Qa'aqir Site.</subfield>
         <subfield code="2">fast</subfield>
         <subfield code="0">(OCoLC)fst01911032</subfield>
      </datafield>
      <datafield tag="700" ind1="1" ind2=" ">
         <subfield code="a">Smith, Patricia,</subfield>
         <subfield code="d">1936-</subfield>
         <subfield code="e">contributor.</subfield>
      </datafield>
      <datafield tag="700" ind1="1" ind2=" ">
         <subfield code="a">Horwitz, Liora Kolska,</subfield>
         <subfield code="e">contributor.</subfield>
      </datafield>
      <datafield tag="700" ind1="1" ind2=" ">
         <subfield code="a">Merkel, John F.,</subfield>
         <subfield code="e">contributor.</subfield>
      </datafield>
      <datafield tag="700" ind1="1" ind2=" ">
         <subfield code="a">London, Gloria,</subfield>
         <subfield code="e">contributor.</subfield>
      </datafield>
      <datafield tag="700" ind1="1" ind2=" ">
         <subfield code="a">Gerson, R.</subfield>
         <subfield code="q">(Ran),</subfield>
         <subfield code="e">contributor.</subfield>
      </datafield>
      <datafield tag="700" ind1="1" ind2=" ">
         <subfield code="a">Danin, Avinoam,</subfield>
         <subfield code="e">contributor.</subfield>
      </datafield>
      <datafield tag="700" ind1="1" ind2=" ">
         <subfield code="a">Caldwell, James R.,</subfield>
         <subfield code="e">contributor.</subfield>
      </datafield>
      <datafield tag="700" ind1="1" ind2=" ">
         <subfield code="a">Warnock, Peter,</subfield>
         <subfield code="e">contributor.</subfield>
      </datafield>
      <datafield tag="700" ind1="1" ind2=" ">
         <subfield code="a">Orion, Dalia Haker,</subfield>
         <subfield code="e">contributor.</subfield>
      </datafield>
      <datafield tag="700" ind1="1" ind2=" ">
         <subfield code="a">Nagar, Yossi,</subfield>
         <subfield code="e">contributor.</subfield>
      </datafield>
      <datafield tag="700" ind1="1" ind2=" ">
         <subfield code="a">Ebeling, Jennie R.,</subfield>
         <subfield code="e">contributor.</subfield>
      </datafield>
      <datafield tag="700" ind1="1" ind2=" ">
         <subfield code="a">Rosen, Steven A.,</subfield>
         <subfield code="e">contributor.</subfield>
      </datafield>
      <datafield tag="700" ind1="1" ind2=" ">
         <subfield code="a">Ṿardi, Yaʻaḳov,</subfield>
         <subfield code="e">contributor.</subfield>
      </datafield>
      <datafield tag="700" ind1="1" ind2=" ">
         <subfield code="a">Wheeler, Tamara S.,</subfield>
         <subfield code="e">contributor.</subfield>
      </datafield>
      <datafield tag="700" ind1="1" ind2=" ">
         <subfield code="a">Schaefer, Jerome,</subfield>
         <subfield code="e">contributor.</subfield>
      </datafield>
      <datafield tag="700" ind1="1" ind2=" ">
         <subfield code="a">Gittlen, Barry M.,</subfield>
         <subfield code="e">contributor.</subfield>
      </datafield>
      <datafield tag="710" ind1="2" ind2=" ">
         <subfield code="a">Shelby White and Leon Levy Program for Archaeological Publications (Firm)</subfield>
         <subfield code="e">sponsor.</subfield>
      </datafield>
      <datafield tag="797" ind1="2" ind2=" ">
         <subfield code="a">White Levy Program Collection.</subfield>
      </datafield>
      <datafield tag="797" ind1="2" ind2=" ">
         <subfield code="a">WLP Collection.</subfield>
      </datafield>
      <datafield tag="830" ind1=" " ind2="0">
         <subfield code="a">Studies in the archaeology and history of the Levant ;</subfield>
         <subfield code="v">6.</subfield>
      </datafield>
      <datafield tag="830" ind1=" " ind2="0">
         <subfield code="a">Harvard Semitic Museum publications.</subfield>
      </datafield>
      <datafield tag="OWN" ind1=" " ind2=" ">
         <subfield code="a">GENERAL</subfield>
      </datafield>
      <datafield tag="AVA" ind1=" " ind2=" ">
         <subfield code="a">NYU50</subfield>
         <subfield code="b">BOBST</subfield>
         <subfield code="c">Main Collection</subfield>
         <subfield code="d">DS110.J36 D48 2014</subfield>
         <subfield code="e">available</subfield>
         <subfield code="t">Available</subfield>
         <subfield code="f">1</subfield>
         <subfield code="g">0</subfield>
         <subfield code="h">N</subfield>
         <subfield code="i">1</subfield>
         <subfield code="j">MAIN</subfield>
         <subfield code="k">0</subfield>
      </datafield>
      <datafield tag="AVA" ind1=" " ind2=" ">
         <subfield code="a">NYU50</subfield>
         <subfield code="b">NISAW</subfield>
         <subfield code="c">Large Collection</subfield>
         <subfield code="d">DS110.J36 D48 2014</subfield>
         <subfield code="e">available</subfield>
         <subfield code="t">Available</subfield>
         <subfield code="f">1</subfield>
         <subfield code="g">0</subfield>
         <subfield code="h">N</subfield>
         <subfield code="i">0</subfield>
         <subfield code="j">LARGE</subfield>
         <subfield code="k">0</subfield>
      </datafield>
      <marc:datafield tag="852" ind1=" " ind2=" ">
         <marc:subfield code="b">Institute for the Study of the Ancient World, </marc:subfield>
         <marc:subfield code="c">Large Collection</marc:subfield>
         <marc:subfield code="e">15 East 84th St., </marc:subfield>
         <marc:subfield code="e">New York, NY  10028</marc:subfield>
      </marc:datafield>
   </record>