
  
  
  
  
  
  
  
 
  
  <record xsi:schemaLocation="http://www.loc.gov/MARC21/slim http://www.loc.gov/standards/marcxml/schema/MARC21slim.xsd">
      <leader>00000cas a2200829 i 4500</leader>
      <controlfield tag="FMT">SE</controlfield>
      <controlfield tag="LDR">00000cas a2200829 i 4500</controlfield>
      <controlfield tag="001">003472896</controlfield>
      <controlfield tag="003">OCoLC</controlfield>
      <controlfield tag="005">20140829104238.0</controlfield>
      <controlfield tag="008">110714c19469999pl ar|    g   0   a0eng c</controlfield>
      <datafield tag="010" ind1=" " ind2=" ">
         <subfield code="a">sf 86003037</subfield>
      </datafield>
      <datafield tag="022" ind1=" " ind2=" ">
         <subfield code="a">0075-4277</subfield>
         <subfield code="l">0075-4277</subfield>
      </datafield>
      <datafield tag="035" ind1=" " ind2=" ">
         <subfield code="a">(OCoLC)1754640</subfield>
      </datafield>
      <datafield tag="040" ind1=" " ind2=" ">
         <subfield code="a">MUL</subfield>
         <subfield code="b">eng</subfield>
         <subfield code="c">MUL</subfield>
         <subfield code="d">COO</subfield>
         <subfield code="d">IUL</subfield>
         <subfield code="d">DLC</subfield>
         <subfield code="d">NST</subfield>
         <subfield code="d">SYS</subfield>
         <subfield code="d">OCL</subfield>
         <subfield code="d">HVL</subfield>
         <subfield code="d">NLGGC</subfield>
         <subfield code="d">DLC</subfield>
         <subfield code="d">BUF</subfield>
         <subfield code="d">DLC</subfield>
         <subfield code="d">OCLCQ</subfield>
         <subfield code="e">rda</subfield>
         <subfield code="d">UBY</subfield>
         <subfield code="d">NNU</subfield>
      </datafield>
      <datafield tag="041" ind1="0" ind2=" ">
         <subfield code="a">eng</subfield>
         <subfield code="a">fre</subfield>
         <subfield code="a">ger</subfield>
         <subfield code="a">ita</subfield>
      </datafield>
      <datafield tag="042" ind1=" " ind2=" ">
         <subfield code="a">pcc</subfield>
      </datafield>
      <datafield tag="050" ind1="0" ind2="0">
         <subfield code="a">K10</subfield>
         <subfield code="b">.O8718</subfield>
      </datafield>
      <datafield tag="245" ind1="0" ind2="4">
         <subfield code="a">The journal of juristic papyrology.</subfield>
      </datafield>
      <datafield tag="246" ind1="3" ind2="5">
         <subfield code="a">Rocznik papirologii prawniczej</subfield>
         <subfield code="f">v. 2-&lt;25&gt;</subfield>
      </datafield>
      <datafield tag="260" ind1=" " ind2=" ">
         <subfield code="3">1946:</subfield>
         <subfield code="a">New York :</subfield>
         <subfield code="b">Polish Institute of Arts and Sciences in America,</subfield>
         <subfield code="c">1946-</subfield>
      </datafield>
      <datafield tag="260" ind1="2" ind2=" ">
         <subfield code="3">1948-1952:</subfield>
         <subfield code="a">Warsaw :</subfield>
         <subfield code="b">Warsaw Society of Sciences and Letters</subfield>
      </datafield>
      <datafield tag="260" ind1="2" ind2=" ">
         <subfield code="3">1953-1991:</subfield>
         <subfield code="a">Warsaw :</subfield>
         <subfield code="b">Polish Scientific Publishers</subfield>
      </datafield>
      <datafield tag="260" ind1="2" ind2=" ">
         <subfield code="3">1992-1999:</subfield>
         <subfield code="a">Warsaw :</subfield>
         <subfield code="b">Wydawn. Uniwersytetu Warszawskiego</subfield>
      </datafield>
      <datafield tag="260" ind1="3" ind2=" ">
         <subfield code="3">2000-</subfield>
         <subfield code="a">Warsaw :</subfield>
         <subfield code="b">Warsaw University, Institute of Archaeology, Department of Papyrology</subfield>
      </datafield>
      <datafield tag="300" ind1=" " ind2=" ">
         <subfield code="a">volumes ;</subfield>
         <subfield code="c">25 cm</subfield>
      </datafield>
      <datafield tag="310" ind1=" " ind2=" ">
         <subfield code="a">Annual</subfield>
      </datafield>
      <datafield tag="336" ind1=" " ind2=" ">
         <subfield code="a">text</subfield>
         <subfield code="2">rdacontent</subfield>
      </datafield>
      <datafield tag="337" ind1=" " ind2=" ">
         <subfield code="a">unmediated</subfield>
         <subfield code="2">rdamedia</subfield>
      </datafield>
      <datafield tag="338" ind1=" " ind2=" ">
         <subfield code="a">volume</subfield>
         <subfield code="2">rdacarrier</subfield>
      </datafield>
      <datafield tag="362" ind1="0" ind2=" ">
         <subfield code="a">Vol. 1, no. 1 (1946)-</subfield>
      </datafield>
      <datafield tag="530" ind1=" " ind2=" ">
         <subfield code="a">Also available online.</subfield>
      </datafield>
      <datafield tag="546" ind1=" " ind2=" ">
         <subfield code="a">Includes articles in English, French, German, or Italian.</subfield>
      </datafield>
      <datafield tag="550" ind1=" " ind2=" ">
         <subfield code="a">Vols. 2-6 issued by: Warsaw Society of Sciences and Letters, Dept. II of Philosophy, History, and Sociology; v. 7/8-11/12 by: Polish Academy of Sciences; v. 13-22 by: University of Warsaw, Institute of Papyrology and Ancient Law; v. 23- by: University of Warsaw, Institute of Archaeology, Department of Papyrology; v.31- with The Raphael Taubenschlag Foundation; v. 35- with University of Warsaw, Faculty of Law and Administration.</subfield>
      </datafield>
      <datafield tag="555" ind1="8" ind2=" ">
         <subfield code="a">Contents of v. 1-25. 1 v.</subfield>
      </datafield>
      <datafield tag="588" ind1=" " ind2=" ">
         <subfield code="a">Description based on: Vol. 1, no. 1 (1946).</subfield>
      </datafield>
      <datafield tag="588" ind1=" " ind2=" ">
         <subfield code="a">Latest issue consulted: Vol. 42 (2012).</subfield>
      </datafield>
      <datafield tag="650" ind1=" " ind2="0">
         <subfield code="a">Law, Ancient</subfield>
         <subfield code="v">Periodicals.</subfield>
      </datafield>
      <datafield tag="650" ind1=" " ind2="0">
         <subfield code="a">Roman law</subfield>
         <subfield code="x">Manuscripts</subfield>
         <subfield code="v">Periodicals.</subfield>
      </datafield>
      <datafield tag="650" ind1=" " ind2="0">
         <subfield code="a">Manuscripts, Greek (Papyri)</subfield>
         <subfield code="v">Periodicals.</subfield>
      </datafield>
      <datafield tag="650" ind1="1" ind2="7">
         <subfield code="a">Papyrologie.</subfield>
         <subfield code="2">gtt</subfield>
      </datafield>
      <datafield tag="650" ind1="1" ind2="7">
         <subfield code="a">Rechtsgeschiedenis (wetenschap)</subfield>
         <subfield code="2">gtt</subfield>
      </datafield>
      <datafield tag="710" ind1="2" ind2=" ">
         <subfield code="a">Polish Institute of Arts and Sciences in America,</subfield>
         <subfield code="e">issuing body.</subfield>
      </datafield>
      <datafield tag="710" ind1="2" ind2=" ">
         <subfield code="a">Towarzystwo Naukowe Warszawskie,</subfield>
         <subfield code="e">issuing body.</subfield>
      </datafield>
      <datafield tag="710" ind1="2" ind2=" ">
         <subfield code="a">Towarzystwo Naukowe Warszawskie.</subfield>
         <subfield code="b">Wydział II--Nauk Historycznych, Filozoficznych i Społecznych,</subfield>
         <subfield code="e">issuing body.</subfield>
      </datafield>
      <datafield tag="710" ind1="2" ind2=" ">
         <subfield code="a">Polska Akademia Nauk,</subfield>
         <subfield code="e">issuing body.</subfield>
      </datafield>
      <datafield tag="710" ind1="2" ind2=" ">
         <subfield code="a">Uniwersytet Warszawski.</subfield>
         <subfield code="b">Instytut Papirologii i Prawa Antycznego,</subfield>
         <subfield code="e">issuing body.</subfield>
      </datafield>
      <datafield tag="710" ind1="2" ind2=" ">
         <subfield code="a">Uniwersytet Warszawski.</subfield>
         <subfield code="b">Zakład Papirologii,</subfield>
         <subfield code="e">issuing body.</subfield>
      </datafield>
      <datafield tag="710" ind1="2" ind2=" ">
         <subfield code="a">Uniwersytet Warszawski.</subfield>
         <subfield code="b">Wydział Prawa i Administracji,</subfield>
         <subfield code="e">issuing body.</subfield>
      </datafield>
      <datafield tag="710" ind1="2" ind2=" ">
         <subfield code="a">Fundacja im. Rafała Taubenschlaga,</subfield>
         <subfield code="e">issuing body.</subfield>
      </datafield>
      <datafield tag="770" ind1="0" ind2=" ">
         <subfield code="t">Journal of juristic papyrology. Supplement</subfield>
         <subfield code="w">(DLC) 2008238514</subfield>
      </datafield>
      <datafield tag="776" ind1="1" ind2=" ">
         <subfield code="i">Online version:</subfield>
         <subfield code="t">Journal of juristic papyrology.</subfield>
         <subfield code="y">0075-4277</subfield>
         <subfield code="w">(BSN) 4031457</subfield>
      </datafield>
      <datafield tag="994" ind1=" " ind2=" ">
         <subfield code="a">Z0</subfield>
         <subfield code="b">ZYU</subfield>
      </datafield>
      <datafield tag="OWN" ind1=" " ind2=" ">
         <subfield code="a">GENERAL</subfield>
      </datafield>
      <datafield tag="966" ind1=" " ind2=" ">
         <subfield code="l">ISAW</subfield>
         <subfield code="d">Oak K10 .O8718</subfield>
         <subfield code="e">1107</subfield>
         <subfield code="j">1:1, 2-3, 5, 7-10, 13-15, 18-39</subfield>
         <subfield code="k">1946, 1948-1949, 1951, 1953-1956, 1961-1962, 1965, 1974, 1983, 1990-2009</subfield>
      </datafield>
      <datafield tag="936" ind1=" " ind2=" ">
         <subfield code="a">PR 183328321</subfield>
      </datafield>
      <datafield tag="H66" ind1=" " ind2=" ">
         <subfield code="l">ISAW Oak Collection</subfield>
         <subfield code="d">K10 .O8718</subfield>
         <subfield code="q">NISAWOAK=ZZ</subfield>
         <subfield code="e">1107</subfield>
         <subfield code="j">1:1, 2-3, 5, 7-10, 13-15, 18-39</subfield>
         <subfield code="k">1946, 1948-1949, 1951, 1953-1956, 1961-1962, 1965, 1974, 1983, 1990-2009</subfield>
      </datafield>
      <datafield tag="966" ind1="4" ind2="1">
         <subfield code="l">ISAW Oak Collection</subfield>
         <subfield code="d">K10 .O8718</subfield>
         <subfield code="e">1107</subfield>
         <subfield code="j">1:1, 2-3, 5, 7-10, 13-15, 18-39</subfield>
         <subfield code="k">1946, 1948-1949, 1951, 1953-1956, 1961-1962, 1965, 1974, 1983, 1990-2009</subfield>
      </datafield>
      <datafield tag="AVA" ind1=" " ind2=" ">
         <subfield code="a">NYU50</subfield>
         <subfield code="b">NISAW</subfield>
         <subfield code="c">Oak Collection</subfield>
         <subfield code="d">K10 .O8718</subfield>
         <subfield code="e">available</subfield>
         <subfield code="t">Available</subfield>
         <subfield code="f">41</subfield>
         <subfield code="g">0</subfield>
         <subfield code="h">Y</subfield>
         <subfield code="i">0</subfield>
         <subfield code="j">OAK</subfield>
         <subfield code="k">0</subfield>
      </datafield>
      <marc:datafield tag="852" ind1=" " ind2=" ">
         <marc:subfield code="b">Institute for the Study of the Ancient World, </marc:subfield>
         <marc:subfield code="c">Oak Collection</marc:subfield>
         <marc:subfield code="e">15 East 84th St., </marc:subfield>
         <marc:subfield code="e">New York, NY  10028</marc:subfield>
      </marc:datafield>
   </record>