
  
  
  
  
  
  
  
 
  
  <record xsi:schemaLocation="http://www.loc.gov/MARC21/slim http://www.loc.gov/standards/marcxml/schema/MARC21slim.xsd">
      <leader>00000cam a2200601 i 4500</leader>
      <controlfield tag="FMT">BK</controlfield>
      <controlfield tag="LDR">00000cam a2200601 i 4500</controlfield>
      <controlfield tag="001">004334371</controlfield>
      <controlfield tag="003">OCoLC</controlfield>
      <controlfield tag="005">20160721160552.0</controlfield>
      <controlfield tag="008">160721t20162016enkabe   b    000 0 eng c</controlfield>
      <datafield tag="010" ind1=" " ind2=" ">
         <subfield code="a">2015030002</subfield>
      </datafield>
      <datafield tag="020" ind1=" " ind2=" ">
         <subfield code="a">9781785701351</subfield>
         <subfield code="q">(hardback)</subfield>
      </datafield>
      <datafield tag="020" ind1=" " ind2=" ">
         <subfield code="a">1785701355</subfield>
         <subfield code="q">(hardback)</subfield>
      </datafield>
      <datafield tag="035" ind1=" " ind2=" ">
         <subfield code="a">(OCoLC)910535833</subfield>
      </datafield>
      <datafield tag="040" ind1=" " ind2=" ">
         <subfield code="a">IEN/DLC</subfield>
         <subfield code="b">eng</subfield>
         <subfield code="e">rda</subfield>
         <subfield code="c">INU</subfield>
         <subfield code="d">DLC</subfield>
         <subfield code="d">BTCTA</subfield>
         <subfield code="d">YDXCP</subfield>
         <subfield code="d">OCLCF</subfield>
         <subfield code="d">OCL</subfield>
         <subfield code="d">OCLCQ</subfield>
         <subfield code="d">NNU</subfield>
      </datafield>
      <datafield tag="042" ind1=" " ind2=" ">
         <subfield code="a">pcc</subfield>
      </datafield>
      <datafield tag="043" ind1=" " ind2=" ">
         <subfield code="a">f-ua---</subfield>
      </datafield>
      <datafield tag="050" ind1="0" ind2="0">
         <subfield code="a">DT73.D33</subfield>
         <subfield code="b">G55 2016</subfield>
      </datafield>
      <datafield tag="082" ind1="0" ind2="4">
         <subfield code="a">932.2021</subfield>
         <subfield code="2">23</subfield>
      </datafield>
      <datafield tag="100" ind1="1" ind2=" ">
         <subfield code="a">Gill, James C. R.,</subfield>
         <subfield code="e">author.</subfield>
      </datafield>
      <datafield tag="245" ind1="1" ind2="0">
         <subfield code="a">Dakhleh Oasis and the western desert of Egypt under the Ptolemies /</subfield>
         <subfield code="c">James C.R. Gill.</subfield>
      </datafield>
      <datafield tag="264" ind1=" " ind2="1">
         <subfield code="a">Oxford ;</subfield>
         <subfield code="a">Philadelphia :</subfield>
         <subfield code="b">Oxbow Books,</subfield>
         <subfield code="c">[2016].</subfield>
      </datafield>
      <datafield tag="264" ind1=" " ind2="4">
         <subfield code="c">©2016</subfield>
      </datafield>
      <datafield tag="300" ind1=" " ind2=" ">
         <subfield code="a">[xviii], 483 pages :</subfield>
         <subfield code="b">illustrations (some color), maps, plans ;</subfield>
         <subfield code="c">31 cm.</subfield>
      </datafield>
      <datafield tag="336" ind1=" " ind2=" ">
         <subfield code="a">text</subfield>
         <subfield code="b">txt</subfield>
         <subfield code="2">rdacontent</subfield>
      </datafield>
      <datafield tag="336" ind1=" " ind2=" ">
         <subfield code="a">still image</subfield>
         <subfield code="b">sti</subfield>
         <subfield code="2">rdacontent</subfield>
      </datafield>
      <datafield tag="337" ind1=" " ind2=" ">
         <subfield code="a">unmediated</subfield>
         <subfield code="b">n</subfield>
         <subfield code="2">rdamedia</subfield>
      </datafield>
      <datafield tag="338" ind1=" " ind2=" ">
         <subfield code="a">volume</subfield>
         <subfield code="b">nc</subfield>
         <subfield code="2">rdacarrier</subfield>
      </datafield>
      <datafield tag="490" ind1="1" ind2=" ">
         <subfield code="a">Dakhleh Oasis project: Monograph ;</subfield>
         <subfield code="v">17</subfield>
      </datafield>
      <datafield tag="504" ind1=" " ind2=" ">
         <subfield code="a">Includes bibliographical references.</subfield>
      </datafield>
      <datafield tag="500" ind1=" " ind2=" ">
         <subfield code="a">"This book is a modified version of a PhD thesis completed in 2014 in the Centre for Archaeology and Ancient History (now the Centre for Ancient Cultures) at Monash University."</subfield>
      </datafield>
      <datafield tag="505" ind1="0" ind2="0">
         <subfield code="g">Chapter 1: Introduction --</subfield>
         <subfield code="g">1.1.</subfield>
         <subfield code="t">Introduction --</subfield>
         <subfield code="g">1.2</subfield>
         <subfield code="t">Previous research --</subfield>
         <subfield code="g">1.3</subfield>
         <subfield code="t">Methodological approach --</subfield>
         <subfield code="g">1.4</subfield>
         <subfield code="t">Nile Valley evidence --</subfield>
         <subfield code="g">Chapter 2:</subfield>
         <subfield code="t">Mut al-Kharab --</subfield>
         <subfield code="g">2.1</subfield>
         <subfield code="t">Introduction --</subfield>
         <subfield code="g">2.2</subfield>
         <subfield code="t">The Ptolemaic pottery deposits --</subfield>
         <subfield code="g">2.3</subfield>
         <subfield code="t">A transitional late period/ early Ptolemaic period deposit --</subfield>
         <subfield code="g">2.4</subfield>
         <subfield code="t">Miscellaneous pottery from other trenches --</subfield>
         <subfield code="g">2.5</subfield>
         <subfield code="t">Ptolemaic ostraka from Mut al-Kharab --</subfield>
         <subfield code="g">2.6</subfield>
         <subfield code="t">Summary of Ptolemaic activity at Mut al-Kharab --</subfield>
         <subfield code="g">Chapter 3:</subfield>
         <subfield code="t">Ptolemaic pottery from Dakhleh Oasis --</subfield>
         <subfield code="g">3.1</subfield>
         <subfield code="t">Introduction --</subfield>
         <subfield code="g">3.2</subfield>
         <subfield code="t">Previous research --</subfield>
         <subfield code="g">3.3</subfield>
         <subfield code="t">Presentation of the material --</subfield>
         <subfield code="g">3.4</subfield>
         <subfield code="t">Fabrics and wares --</subfield>
         <subfield code="g">3.5</subfield>
         <subfield code="t">Decoration --</subfield>
         <subfield code="g">3.6</subfield>
         <subfield code="t">Manufacturing techniques --</subfield>
         <subfield code="g">3.7</subfield>
         <subfield code="t">Forms --</subfield>
         <subfield code="g">3.8</subfield>
         <subfield code="t">General discussion --</subfield>
         <subfield code="g">Chapter 4:</subfield>
         <subfield code="t">Ptolemaic sites in Dakhleh Oasis --</subfield>
         <subfield code="g">4.1</subfield>
         <subfield code="t">Introduction --</subfield>
         <subfield code="g">4.2</subfield>
         <subfield code="t">Structure of the catalogue --</subfield>
         <subfield code="g">4.3</subfield>
         <subfield code="t">Site identification --</subfield>
         <subfield code="g">4.4</subfield>
         <subfield code="t">Site types --</subfield>
         <subfield code="g">4.5</subfield>
         <subfield code="t">Site distribution --</subfield>
         <subfield code="g">4.6</subfield>
         <subfield code="t">General discussion --</subfield>
         <subfield code="g">Chapter 5:</subfield>
         <subfield code="t">Ptolemaic activity in the western desert --</subfield>
         <subfield code="g">5.1</subfield>
         <subfield code="t">Introduction --</subfield>
         <subfield code="g">5.2</subfield>
         <subfield code="t">Kharga Oasis --</subfield>
         <subfield code="g">5.3</subfield>
         <subfield code="t">Farafra Oasis --</subfield>
         <subfield code="g">5.4</subfield>
         <subfield code="t">Bahariya Oasis --</subfield>
         <subfield code="g">5.5</subfield>
         <subfield code="t">Siwa Oasis --</subfield>
         <subfield code="g">5.6</subfield>
         <subfield code="t">Minor Oases --</subfield>
         <subfield code="g">5.7</subfield>
         <subfield code="t">Discussion --</subfield>
         <subfield code="g">Chapter 6:</subfield>
         <subfield code="t">Conclusion --</subfield>
         <subfield code="g">6.1</subfield>
         <subfield code="t">Results of the study --</subfield>
         <subfield code="g">6.2</subfield>
         <subfield code="t">Beyond the Fayum: Ptolemaic settlement in the western oases --</subfield>
         <subfield code="g">6.3</subfield>
         <subfield code="t">Directing divine offerings to the valley --</subfield>
         <subfield code="g">6.4</subfield>
         <subfield code="t">Gateway communities, the "oasis by-path" and long-distance trade --</subfield>
         <subfield code="g">6.5</subfield>
         <subfield code="t">A military "buffer zone" --</subfield>
         <subfield code="g">6.6</subfield>
         <subfield code="t">The Persian legacy --</subfield>
         <subfield code="g">6.7</subfield>
         <subfield code="t">Conclusion --</subfield>
         <subfield code="g">Appendix 1:</subfield>
         <subfield code="t">Mut al-Kharab: context descriptions --</subfield>
         <subfield code="g">Appendix 2:</subfield>
         <subfield code="t">Pottery assemblages from Mut al-Kharab --</subfield>
         <subfield code="g">Appendix 3:</subfield>
         <subfield code="t">Ptolemaic pottery forms: examples and parallels --</subfield>
         <subfield code="g">Appendix 4:</subfield>
         <subfield code="t">Catalogue of Ptolemaic sites in Dakhleh Oasis --</subfield>
         <subfield code="g">Appendix 5:</subfield>
         <subfield code="t">Pottery assemblages from Dakhleh Oasis sites --</subfield>
         <subfield code="g">Appendix 6:</subfield>
      </datafield>
      <datafield tag="600" ind1="3" ind2="0">
         <subfield code="a">Ptolemaic dynasty,</subfield>
         <subfield code="d">305-30 B.C.</subfield>
      </datafield>
      <datafield tag="650" ind1=" " ind2="0">
         <subfield code="a">Excavations (Archaeology)</subfield>
         <subfield code="z">Egypt</subfield>
         <subfield code="z">Dakhla Oasis.</subfield>
      </datafield>
      <datafield tag="650" ind1=" " ind2="0">
         <subfield code="a">Pottery, Egyptian</subfield>
         <subfield code="z">Egypt</subfield>
         <subfield code="z">Dakhla Oasis.</subfield>
      </datafield>
      <datafield tag="651" ind1=" " ind2="0">
         <subfield code="a">Dakhla Oasis (Egypt)</subfield>
         <subfield code="x">History.</subfield>
      </datafield>
      <datafield tag="651" ind1=" " ind2="0">
         <subfield code="a">Dakhla Oasis (Egypt)</subfield>
         <subfield code="x">Antiquities.</subfield>
      </datafield>
      <datafield tag="651" ind1=" " ind2="0">
         <subfield code="a">Egypt</subfield>
         <subfield code="x">Economic conditions</subfield>
         <subfield code="y">332 B.C.-640 A.D.</subfield>
      </datafield>
      <datafield tag="600" ind1="3" ind2="7">
         <subfield code="a">Ptolemaic dynasty,</subfield>
         <subfield code="d">305-30 B.C.</subfield>
         <subfield code="2">fast</subfield>
         <subfield code="0">(OCoLC)fst00226572</subfield>
      </datafield>
      <datafield tag="650" ind1=" " ind2="7">
         <subfield code="a">Antiquities.</subfield>
         <subfield code="2">fast</subfield>
         <subfield code="0">(OCoLC)fst00810745</subfield>
      </datafield>
      <datafield tag="650" ind1=" " ind2="7">
         <subfield code="a">Economic history.</subfield>
         <subfield code="2">fast</subfield>
         <subfield code="0">(OCoLC)fst00901974</subfield>
      </datafield>
      <datafield tag="650" ind1=" " ind2="7">
         <subfield code="a">Excavations (Archaeology)</subfield>
         <subfield code="2">fast</subfield>
         <subfield code="0">(OCoLC)fst00917564</subfield>
      </datafield>
      <datafield tag="650" ind1=" " ind2="7">
         <subfield code="a">Pottery, Egyptian.</subfield>
         <subfield code="2">fast</subfield>
         <subfield code="0">(OCoLC)fst01073720</subfield>
      </datafield>
      <datafield tag="651" ind1=" " ind2="7">
         <subfield code="a">Egypt.</subfield>
         <subfield code="2">fast</subfield>
         <subfield code="0">(OCoLC)fst01208755</subfield>
      </datafield>
      <datafield tag="651" ind1=" " ind2="7">
         <subfield code="a">Egypt</subfield>
         <subfield code="z">Dakhla Oasis.</subfield>
         <subfield code="2">fast</subfield>
         <subfield code="0">(OCoLC)fst01241512</subfield>
      </datafield>
      <datafield tag="648" ind1=" " ind2="7">
         <subfield code="a">332 B.C.-640 A.D.</subfield>
         <subfield code="2">fast</subfield>
      </datafield>
      <datafield tag="655" ind1=" " ind2="7">
         <subfield code="a">History.</subfield>
         <subfield code="2">fast</subfield>
         <subfield code="0">(OCoLC)fst01411628</subfield>
      </datafield>
      <datafield tag="776" ind1="0" ind2="8">
         <subfield code="i">Online version:</subfield>
         <subfield code="a">Gill, James C.R., author.</subfield>
         <subfield code="t">Dakhleh Oasis and the western desert of Egypt under the Ptolemies.</subfield>
         <subfield code="d">Oxford ; Philadelphia : Oxbow Books, 2015</subfield>
         <subfield code="z">9781785701368</subfield>
         <subfield code="w">(DLC) 2015042057</subfield>
      </datafield>
      <datafield tag="830" ind1=" " ind2="0">
         <subfield code="a">Monograph (Dakhleh Oasis Project) ;</subfield>
         <subfield code="v">no. 17.</subfield>
      </datafield>
      <datafield tag="994" ind1=" " ind2=" ">
         <subfield code="a">Z0</subfield>
         <subfield code="b">ZYU</subfield>
      </datafield>
      <datafield tag="OWN" ind1=" " ind2=" ">
         <subfield code="a">GENERAL</subfield>
      </datafield>
      <datafield tag="AVA" ind1=" " ind2=" ">
         <subfield code="a">NYU50</subfield>
         <subfield code="b">NISAW</subfield>
         <subfield code="c">Large Collection</subfield>
         <subfield code="d">DT73.D33 G55 2016</subfield>
         <subfield code="e">available</subfield>
         <subfield code="t">Available</subfield>
         <subfield code="f">1</subfield>
         <subfield code="g">0</subfield>
         <subfield code="h">N</subfield>
         <subfield code="i">0</subfield>
         <subfield code="j">LARGE</subfield>
         <subfield code="k">0</subfield>
      </datafield>
      <marc:datafield tag="852" ind1=" " ind2=" ">
         <marc:subfield code="b">Institute for the Study of the Ancient World, </marc:subfield>
         <marc:subfield code="c">Large Collection</marc:subfield>
         <marc:subfield code="e">15 East 84th St., </marc:subfield>
         <marc:subfield code="e">New York, NY  10028</marc:subfield>
      </marc:datafield>
   </record>