
  
  
  
  
  
  
 
  
  <record xsi:schemaLocation="http://www.loc.gov/MARC21/slim http://www.loc.gov/standards/marcxml/schema/MARC21slim.xsd">
      <leader>00000cam a2200577Ma 4500</leader>
      <controlfield tag="FMT">BK</controlfield>
      <controlfield tag="LDR">00000cam a2200577Ma 4500</controlfield>
      <controlfield tag="001">004329536</controlfield>
      <controlfield tag="003">OCoLC</controlfield>
      <controlfield tag="005">20160817105240.0</controlfield>
      <controlfield tag="006">m        d</controlfield>
      <controlfield tag="008">160721m20049999pl abef  b    001 0 eng d</controlfield>
      <datafield tag="020" ind1=" " ind2=" ">
         <subfield code="a">9788388973819</subfield>
         <subfield code="q">(v. 1)</subfield>
      </datafield>
      <datafield tag="020" ind1=" " ind2=" ">
         <subfield code="a">8388973819</subfield>
         <subfield code="q">(v. 1)</subfield>
      </datafield>
      <datafield tag="020" ind1=" " ind2=" ">
         <subfield code="a">9788389729781</subfield>
         <subfield code="q">(v. 2)</subfield>
      </datafield>
      <datafield tag="020" ind1=" " ind2=" ">
         <subfield code="a">8389729784</subfield>
         <subfield code="q">(v. 2)</subfield>
      </datafield>
      <datafield tag="020" ind1=" " ind2=" ">
         <subfield code="a">9788375431513</subfield>
         <subfield code="q">(v. 4)</subfield>
      </datafield>
      <datafield tag="020" ind1=" " ind2=" ">
         <subfield code="a">8375431516</subfield>
         <subfield code="q">(v. 4)</subfield>
      </datafield>
      <datafield tag="020" ind1=" " ind2=" ">
         <subfield code="a">9788375432664</subfield>
         <subfield code="q">(v. 5)</subfield>
      </datafield>
      <datafield tag="020" ind1=" " ind2=" ">
         <subfield code="a">8375432660</subfield>
         <subfield code="q">(v. 5)</subfield>
      </datafield>
      <datafield tag="035" ind1=" " ind2=" ">
         <subfield code="a">(OCoLC)461367534</subfield>
      </datafield>
      <datafield tag="040" ind1=" " ind2=" ">
         <subfield code="a">CaOTRM</subfield>
         <subfield code="b">eng</subfield>
         <subfield code="c">UTO</subfield>
         <subfield code="d">CMA</subfield>
         <subfield code="d">CGU</subfield>
         <subfield code="d">OHX</subfield>
         <subfield code="d">RBN</subfield>
         <subfield code="d">OCLCA</subfield>
         <subfield code="d">CGU</subfield>
         <subfield code="d">OCLCO</subfield>
         <subfield code="d">OCLCQ</subfield>
         <subfield code="d">OCLCO</subfield>
         <subfield code="d">MEAUC</subfield>
         <subfield code="d">NNU</subfield>
      </datafield>
      <datafield tag="043" ind1=" " ind2=" ">
         <subfield code="a">f-ua---</subfield>
      </datafield>
      <datafield tag="050" ind1="1" ind2="4">
         <subfield code="a">DT73.S3</subfield>
         <subfield code="b">S23 2004</subfield>
      </datafield>
      <datafield tag="055" ind1=" " ind2="3">
         <subfield code="a">DT73.S3</subfield>
         <subfield code="b">S36</subfield>
      </datafield>
      <datafield tag="245" ind1="0" ind2="0">
         <subfield code="a">Saqqara.</subfield>
      </datafield>
      <datafield tag="250" ind1=" " ind2=" ">
         <subfield code="a">Wyd. 1.</subfield>
      </datafield>
      <datafield tag="260" ind1=" " ind2=" ">
         <subfield code="a">Varsovie :</subfield>
         <subfield code="b">Editions Neriton,</subfield>
         <subfield code="c">2004-</subfield>
      </datafield>
      <datafield tag="300" ind1=" " ind2=" ">
         <subfield code="a">volumes :</subfield>
         <subfield code="b">illustrations, maps, plans ;</subfield>
         <subfield code="c">30-43 cm +</subfield>
         <subfield code="e">1 CD-ROM ; 4 3/4 in.</subfield>
      </datafield>
      <datafield tag="336" ind1=" " ind2=" ">
         <subfield code="3">Volumes</subfield>
         <subfield code="a">text</subfield>
         <subfield code="b">txt</subfield>
         <subfield code="2">rdacontent</subfield>
      </datafield>
      <datafield tag="336" ind1=" " ind2=" ">
         <subfield code="3">Volumes</subfield>
         <subfield code="a">still image</subfield>
         <subfield code="b">sti</subfield>
         <subfield code="2">rdacontent</subfield>
      </datafield>
      <datafield tag="336" ind1=" " ind2=" ">
         <subfield code="3">CD-ROM</subfield>
         <subfield code="a">computer program</subfield>
         <subfield code="b">cop</subfield>
         <subfield code="2">rdacontent</subfield>
      </datafield>
      <datafield tag="337" ind1=" " ind2=" ">
         <subfield code="3">Volumes</subfield>
         <subfield code="a">unmediated</subfield>
         <subfield code="b">n</subfield>
         <subfield code="2">rdamedia</subfield>
      </datafield>
      <datafield tag="337" ind1=" " ind2=" ">
         <subfield code="3">CD-ROM</subfield>
         <subfield code="a">computer</subfield>
         <subfield code="b">c</subfield>
         <subfield code="2">rdamedia</subfield>
      </datafield>
      <datafield tag="338" ind1=" " ind2=" ">
         <subfield code="3">Volumes</subfield>
         <subfield code="a">volume</subfield>
         <subfield code="b">nc</subfield>
         <subfield code="2">rdacarrier</subfield>
      </datafield>
      <datafield tag="338" ind1=" " ind2=" ">
         <subfield code="3">CD-ROM</subfield>
         <subfield code="a">computer disc</subfield>
         <subfield code="b">cd</subfield>
         <subfield code="2">rdacarrier</subfield>
      </datafield>
      <datafield tag="500" ind1=" " ind2=" ">
         <subfield code="a">At head of title: Centre d'archéologie méditerranéenne de l'académie polonaise des sciences et Centre Kazimierz Michalowski d'archéologie méditerranéenne de l'Université de Varsovie. Polish-Egyptian Archaeological Mission.</subfield>
      </datafield>
      <datafield tag="500" ind1=" " ind2=" ">
         <subfield code="a">CD-ROM in pocket in volume 2.</subfield>
      </datafield>
      <datafield tag="504" ind1=" " ind2=" ">
         <subfield code="a">Includes bibliographical references and indexes.</subfield>
      </datafield>
      <datafield tag="505" ind1="1" ind2="0">
         <subfield code="g">I.</subfield>
         <subfield code="t">The tomb of Merefnebef /</subfield>
         <subfield code="r">by Karol Myśliwiec and Kamil Kuraszkiewicz [and others].</subfield>
         <subfield code="g">[Part 1]:</subfield>
         <subfield code="t">Text.</subfield>
         <subfield code="g">[Part 2]:</subfield>
         <subfield code="t">Plates --</subfield>
         <subfield code="g">II.</subfield>
         <subfield code="t">Pottery of the late old kingdom : funerary pottery and burial customs /</subfield>
         <subfield code="r">Teodozja Rzeuska --</subfield>
         <subfield code="g">III.</subfield>
         <subfield code="t">The upper necropolis.</subfield>
         <subfield code="g">Part I:</subfield>
         <subfield code="t">The catalogue with drawings /</subfield>
         <subfield code="r">Małgorzata Radomska, Agnieszka Kowalska, Maria Kaczmarek and Teodozja I. Rzeuska with contributions by Edyta Kopp, Kamil O. Kuraszkiewicz, Jan K. Winnicki, edited by Karol Myśliwiec.</subfield>
         <subfield code="g">Part II:</subfield>
         <subfield code="t">Studies and photographic documentation /</subfield>
         <subfield code="r">Maria Kaczmarek, Annie Schweitzer, Zbigniew Godziejewski and Iwona Pannenko, edited by Karol Myśliwiec --</subfield>
         <subfield code="g">IV.</subfield>
         <subfield code="t">The funerary complex of Nyankhnefertem /</subfield>
         <subfield code="r">Karol Myśliwiec and Kamil O. Kuraszkiewicz, with contributions by Agnieszka Kowalska, Małgorzata Radomska [and others] --</subfield>
         <subfield code="g">V.</subfield>
         <subfield code="t">Old Kingdom structures between the step pyramid complex and the dry moat.</subfield>
         <subfield code="g">Part 1.</subfield>
         <subfield code="t">Architecture and development of the necropolis /</subfield>
         <subfield code="r">Kamil O. Kuraszkiewicz, edited by Karol Myśliwiec.</subfield>
         <subfield code="g">Part 2.</subfield>
         <subfield code="t">Geology ; Anthropology ; Finds ; Conservation /</subfield>
         <subfield code="r">Fabian Welc, Jerzy Trzciński, Maria Kaczmarek [and others], edited by Karol Myśliwiec.</subfield>
      </datafield>
      <datafield tag="546" ind1=" " ind2=" ">
         <subfield code="a">Text in English with added title page in Polish.</subfield>
      </datafield>
      <datafield tag="650" ind1=" " ind2="0">
         <subfield code="a">Excavations (Archaeology)</subfield>
         <subfield code="z">Egypt</subfield>
         <subfield code="z">Ṣaqqārah.</subfield>
      </datafield>
      <datafield tag="600" ind1="0" ind2="0">
         <subfield code="a">Meref-nebef (Egyptian official),</subfield>
         <subfield code="d">active 6th Dynasty</subfield>
         <subfield code="x">Tomb.</subfield>
      </datafield>
      <datafield tag="600" ind1="0" ind2="0">
         <subfield code="a">Nyankhnefertem</subfield>
         <subfield code="x">Tomb.</subfield>
      </datafield>
      <datafield tag="650" ind1=" " ind2="0">
         <subfield code="a">Tombs</subfield>
         <subfield code="z">Egypt</subfield>
         <subfield code="z">Ṣaqqārah.</subfield>
      </datafield>
      <datafield tag="650" ind1=" " ind2="0">
         <subfield code="a">Viziers</subfield>
         <subfield code="z">Egypt.</subfield>
      </datafield>
      <datafield tag="650" ind1=" " ind2="0">
         <subfield code="a">Pottery, Ancient</subfield>
         <subfield code="z">Egypt</subfield>
         <subfield code="z">Ṣaqqārah.</subfield>
      </datafield>
      <datafield tag="650" ind1=" " ind2="0">
         <subfield code="a">Pottery, Egyptian</subfield>
         <subfield code="z">Egypt</subfield>
         <subfield code="z">Ṣaqqārah.</subfield>
      </datafield>
      <datafield tag="650" ind1=" " ind2="0">
         <subfield code="a">Funeral rites and ceremonies</subfield>
         <subfield code="z">Egypt</subfield>
         <subfield code="z">Ṣaqqārah.</subfield>
      </datafield>
      <datafield tag="650" ind1=" " ind2="0">
         <subfield code="a">Burial</subfield>
         <subfield code="z">Egypt</subfield>
         <subfield code="z">Ṣaqqārah.</subfield>
      </datafield>
      <datafield tag="651" ind1=" " ind2="0">
         <subfield code="a">Ṣaqqārah (Egypt)</subfield>
         <subfield code="x">Antiquities.</subfield>
      </datafield>
      <datafield tag="651" ind1=" " ind2="0">
         <subfield code="a">Egypt</subfield>
         <subfield code="x">History</subfield>
         <subfield code="y">Old Kingdom, ca. 2686-ca. 2181 B.C.</subfield>
      </datafield>
      <datafield tag="700" ind1="1" ind2=" ">
         <subfield code="a">Myśliwiec, Karol.</subfield>
      </datafield>
      <datafield tag="700" ind1="1" ind2=" ">
         <subfield code="a">Rzeuska, Teodozja.</subfield>
      </datafield>
      <datafield tag="700" ind1="1" ind2=" ">
         <subfield code="a">Radomska, Małgorzata.</subfield>
      </datafield>
      <datafield tag="700" ind1="1" ind2=" ">
         <subfield code="a">Kuraszkiewicz, Kamil O.</subfield>
         <subfield code="q">(Kamil Omar)</subfield>
      </datafield>
      <datafield tag="700" ind1="1" ind2=" ">
         <subfield code="a">Kowalska, Agnieszka</subfield>
         <subfield code="c">(Archaeologist)</subfield>
      </datafield>
      <datafield tag="700" ind1="1" ind2=" ">
         <subfield code="a">Kaczmarek, Maria,</subfield>
         <subfield code="d">1951-</subfield>
      </datafield>
      <datafield tag="700" ind1="1" ind2=" ">
         <subfield code="a">Schweitzer, Annie.</subfield>
      </datafield>
      <datafield tag="700" ind1="1" ind2=" ">
         <subfield code="a">Godziejewski, Zbigniew.</subfield>
      </datafield>
      <datafield tag="700" ind1="1" ind2=" ">
         <subfield code="a">Pannenko, Iwona.</subfield>
      </datafield>
      <datafield tag="700" ind1="1" ind2=" ">
         <subfield code="a">Welc, Fabian.</subfield>
      </datafield>
      <datafield tag="700" ind1="1" ind2=" ">
         <subfield code="a">Trzciński, Jerzy.</subfield>
      </datafield>
      <datafield tag="710" ind1="2" ind2=" ">
         <subfield code="a">Polska Akademia Nauk.</subfield>
         <subfield code="b">Zakład Archeologii Śródziemnomorskiej.</subfield>
      </datafield>
      <datafield tag="710" ind1="2" ind2=" ">
         <subfield code="a">Uniwersytet Warszawski.</subfield>
         <subfield code="b">Centrum Archeologii Śródziemnomorskiej im. Kazimierza Michałowskiego.</subfield>
      </datafield>
      <datafield tag="710" ind1="2" ind2=" ">
         <subfield code="a">Polsko-Egipska Misja Archeologiczna (2004-2006)</subfield>
      </datafield>
      <datafield tag="994" ind1=" " ind2=" ">
         <subfield code="a">Z0</subfield>
         <subfield code="b">ZYU</subfield>
      </datafield>
      <datafield tag="OWN" ind1=" " ind2=" ">
         <subfield code="a">GENERAL</subfield>
      </datafield>
      <datafield tag="AVA" ind1=" " ind2=" ">
         <subfield code="a">NYU50</subfield>
         <subfield code="b">NISAW</subfield>
         <subfield code="c">Oversize Collection</subfield>
         <subfield code="d">DT73.S3 S23 2004</subfield>
         <subfield code="e">available</subfield>
         <subfield code="t">Available</subfield>
         <subfield code="f">8</subfield>
         <subfield code="g">0</subfield>
         <subfield code="h">Y</subfield>
         <subfield code="i">0</subfield>
         <subfield code="j">OVERZ</subfield>
         <subfield code="k">0</subfield>
      </datafield>
      <marc:datafield tag="852" ind1=" " ind2=" ">
         <marc:subfield code="b">Institute for the Study of the Ancient World, </marc:subfield>
         <marc:subfield code="c">Oversize Collection</marc:subfield>
         <marc:subfield code="e">15 East 84th St., </marc:subfield>
         <marc:subfield code="e">New York, NY  10028</marc:subfield>
      </marc:datafield>
   </record>