
  
  
  
  
  
  
  
  
 
  
  <record xsi:schemaLocation="http://www.loc.gov/MARC21/slim http://www.loc.gov/standards/marcxml/schema/MARC21slim.xsd">
      <leader>00000cam a2200577 i 4500</leader>
      <controlfield tag="FMT">BK</controlfield>
      <controlfield tag="LDR">00000cam a2200577 i 4500</controlfield>
      <controlfield tag="001">004337690</controlfield>
      <controlfield tag="003">OCoLC</controlfield>
      <controlfield tag="005">20160801132454.0</controlfield>
      <controlfield tag="008">160722t20162016pauab    b    001 0 eng c</controlfield>
      <datafield tag="010" ind1=" " ind2=" ">
         <subfield code="a">2015039596</subfield>
      </datafield>
      <datafield tag="020" ind1=" " ind2=" ">
         <subfield code="a">9780812247640</subfield>
         <subfield code="q">(alk. paper)</subfield>
      </datafield>
      <datafield tag="020" ind1=" " ind2=" ">
         <subfield code="a">0812247647</subfield>
         <subfield code="q">(alk. paper)</subfield>
      </datafield>
      <datafield tag="035" ind1=" " ind2=" ">
         <subfield code="a">(OCoLC)926050433</subfield>
      </datafield>
      <datafield tag="040" ind1=" " ind2=" ">
         <subfield code="a">PU/DLC</subfield>
         <subfield code="b">eng</subfield>
         <subfield code="e">rda</subfield>
         <subfield code="c">PAU</subfield>
         <subfield code="d">DLC</subfield>
         <subfield code="d">YDXCP</subfield>
         <subfield code="d">BTCTA</subfield>
         <subfield code="d">OCLCO</subfield>
         <subfield code="d">OCLCF</subfield>
         <subfield code="d">BDX</subfield>
         <subfield code="d">OCLCQ</subfield>
         <subfield code="d">ERASA</subfield>
         <subfield code="d">GZN</subfield>
         <subfield code="d">COO</subfield>
      </datafield>
      <datafield tag="042" ind1=" " ind2=" ">
         <subfield code="a">pcc</subfield>
      </datafield>
      <datafield tag="043" ind1=" " ind2=" ">
         <subfield code="a">aw-----</subfield>
         <subfield code="a">f------</subfield>
         <subfield code="a">a------</subfield>
      </datafield>
      <datafield tag="050" ind1="0" ind2="0">
         <subfield code="a">HD846.Z7</subfield>
         <subfield code="b">L36 2016</subfield>
      </datafield>
      <datafield tag="082" ind1="0" ind2="0">
         <subfield code="a">330.917/67</subfield>
         <subfield code="2">23</subfield>
      </datafield>
      <datafield tag="245" ind1="0" ind2="0">
         <subfield code="a">Landscapes of the Islamic world :</subfield>
         <subfield code="b">archaeology, history, and ethnography /</subfield>
         <subfield code="c">edited by Stephen McPhillips and Paul D. Wordsworth.</subfield>
      </datafield>
      <datafield tag="264" ind1=" " ind2="1">
         <subfield code="a">Philadelphia :</subfield>
         <subfield code="b">University of Pennsylvania Press,</subfield>
         <subfield code="c">[2016]</subfield>
      </datafield>
      <datafield tag="264" ind1=" " ind2="4">
         <subfield code="c">©2016</subfield>
      </datafield>
      <datafield tag="300" ind1=" " ind2=" ">
         <subfield code="a">xii, 253 pages :</subfield>
         <subfield code="b">illustrations, maps ;</subfield>
         <subfield code="c">26 cm</subfield>
      </datafield>
      <datafield tag="336" ind1=" " ind2=" ">
         <subfield code="a">text</subfield>
         <subfield code="b">txt</subfield>
         <subfield code="2">rdacontent</subfield>
      </datafield>
      <datafield tag="337" ind1=" " ind2=" ">
         <subfield code="a">unmediated</subfield>
         <subfield code="b">n</subfield>
         <subfield code="2">rdamedia</subfield>
      </datafield>
      <datafield tag="338" ind1=" " ind2=" ">
         <subfield code="a">volume</subfield>
         <subfield code="b">nc</subfield>
         <subfield code="2">rdacarrier</subfield>
      </datafield>
      <datafield tag="504" ind1=" " ind2=" ">
         <subfield code="a">Includes bibliographical references and index.</subfield>
      </datafield>
      <datafield tag="505" ind1="0" ind2=" ">
         <subfield code="g">Part I.</subfield>
         <subfield code="t">Hydroeconimes : managing and living with water.</subfield>
         <subfield code="t">The materiality of Ottoman water administration in eighteenth-century rural Damascus : a historian's perspective /</subfield>
         <subfield code="r">Astrid Meier --</subfield>
         <subfield code="t">The Islamic occupation of Qatar in the context of an environmental framework /</subfield>
         <subfield code="r">Phillip G. Macumber --</subfield>
         <subfield code="t">Water management in desert regions : early Islamic Qasr Mushash /</subfield>
         <subfield code="r">Karin Bartl.</subfield>
         <subfield code="g">Part II.</subfield>
         <subfield code="t">Agriculture, pastoralism, and subsistence.</subfield>
         <subfield code="t">Faunal distributions from the southern highlands of Transjordan : regional and historical perspectives on the representations and roles of animals in the middle Islamic period /</subfield>
         <subfield code="r">Robin M. Brown --</subfield>
         <subfield code="t">Zooarchaeological perspectives on rural economy and landscape use in eighteenth-century Qatar /</subfield>
         <subfield code="r">Pernille Bangsgaard and Lisa Yeomans.</subfield>
         <subfield code="g">Part III.</subfield>
         <subfield code="t">Landscapes of commerce and production.</subfield>
         <subfield code="t">Beyond Iron Age landscapes : copper mining and smelting in Faynan in the twelfth to fourteenth centuries CE /</subfield>
         <subfield code="r">Ian W.N. Jones --</subfield>
         <subfield code="t">Ceramic production in the central highlands of Yemen during the Islamic Period /</subfield>
         <subfield code="r">Daniel Mahoney --</subfield>
         <subfield code="t">Harnessing hydraulic power in Ottoman Syria : water mills and the rural economy of the upper Orontes valley /</subfield>
         <subfield code="r">Stephen McPhillip.</subfield>
         <subfield code="g">Part IV.</subfield>
         <subfield code="t">Transience and permanence : movement and memory in the landscape.</subfield>
         <subfield code="t">The architectural legacy of the seasonally nomadic Ghurids /</subfield>
         <subfield code="r">David C. Thomas and Alison L. Gascoigne --</subfield>
         <subfield code="t">The Northern Jordan Project and the "liquid landscapes" of late Islamic Bilad al-Sham /</subfield>
         <subfield code="r">Bethany J. Walker --</subfield>
         <subfield code="t">"Presencing the past" : a case study of Islamic rural burial practices from the Homs Region, Syria /</subfield>
         <subfield code="r">Jennie N. Bradbury --</subfield>
         <subfield code="t">Sustaining travel : the economy of medieval stopping places across the Karakum Desert, Turkmenistan /</subfield>
         <subfield code="r">Paul D. Wordsworth --</subfield>
         <subfield code="t">Some reflections on rural Islamic landscapes /</subfield>
         <subfield code="r">Alan Walmsley.</subfield>
      </datafield>
      <datafield tag="650" ind1=" " ind2="0">
         <subfield code="a">Land use, Rural</subfield>
         <subfield code="z">Middle East</subfield>
         <subfield code="x">History.</subfield>
      </datafield>
      <datafield tag="651" ind1=" " ind2="0">
         <subfield code="a">Middle East</subfield>
         <subfield code="x">Rural conditions</subfield>
         <subfield code="x">History.</subfield>
      </datafield>
      <datafield tag="650" ind1=" " ind2="0">
         <subfield code="a">Water-supply, Rural</subfield>
         <subfield code="z">Middle East</subfield>
         <subfield code="x">History.</subfield>
      </datafield>
      <datafield tag="650" ind1=" " ind2="0">
         <subfield code="a">Rural development</subfield>
         <subfield code="z">Middle East</subfield>
         <subfield code="x">History.</subfield>
      </datafield>
      <datafield tag="651" ind1=" " ind2="0">
         <subfield code="a">Islamic countries</subfield>
         <subfield code="x">Commerce</subfield>
         <subfield code="x">History.</subfield>
      </datafield>
      <datafield tag="650" ind1=" " ind2="0">
         <subfield code="a">Islamic civilization.</subfield>
      </datafield>
      <datafield tag="700" ind1="1" ind2=" ">
         <subfield code="a">McPhillips, Stephen,</subfield>
         <subfield code="e">editor.</subfield>
      </datafield>
      <datafield tag="700" ind1="1" ind2=" ">
         <subfield code="a">Wordsworth, Paul D.,</subfield>
         <subfield code="e">editor.</subfield>
      </datafield>
      <datafield tag="OWN" ind1=" " ind2=" ">
         <subfield code="a">GENERAL</subfield>
      </datafield>
      <datafield tag="AVA" ind1=" " ind2=" ">
         <subfield code="a">NYU50</subfield>
         <subfield code="b">NISAW</subfield>
         <subfield code="c">Small Collection</subfield>
         <subfield code="d">HD846.Z7 L36 2016</subfield>
         <subfield code="e">available</subfield>
         <subfield code="t">Available</subfield>
         <subfield code="f">1</subfield>
         <subfield code="g">0</subfield>
         <subfield code="h">N</subfield>
         <subfield code="i">0</subfield>
         <subfield code="j">SMALL</subfield>
         <subfield code="k">0</subfield>
      </datafield>
      <marc:datafield tag="852" ind1=" " ind2=" ">
         <marc:subfield code="b">Institute for the Study of the Ancient World, </marc:subfield>
         <marc:subfield code="c">Small Collection</marc:subfield>
         <marc:subfield code="e">15 East 84th St., </marc:subfield>
         <marc:subfield code="e">New York, NY  10028</marc:subfield>
      </marc:datafield>
   </record>