
  
  
  
  
  
  
 
  
  <record xsi:schemaLocation="http://www.loc.gov/MARC21/slim http://www.loc.gov/standards/marcxml/schema/MARC21slim.xsd">
      <leader>00000cam a2200565 i 4500</leader>
      <controlfield tag="FMT">BK</controlfield>
      <controlfield tag="LDR">00000cam a2200565 i 4500</controlfield>
      <controlfield tag="001">004031992</controlfield>
      <controlfield tag="003">OCoLC</controlfield>
      <controlfield tag="005">20160801134335.0</controlfield>
      <controlfield tag="008">140822t20142014gw a     b    001 0 eng d</controlfield>
      <datafield tag="016" ind1="7" ind2=" ">
         <subfield code="a">1047254956</subfield>
         <subfield code="2">GyFmDB</subfield>
      </datafield>
      <datafield tag="016" ind1="7" ind2=" ">
         <subfield code="a">1047254956</subfield>
         <subfield code="2">DE-101</subfield>
      </datafield>
      <datafield tag="016" ind1="7" ind2=" ">
         <subfield code="a">016841954</subfield>
         <subfield code="2">Uk</subfield>
      </datafield>
      <datafield tag="020" ind1=" " ind2=" ">
         <subfield code="a">9783161532153</subfield>
         <subfield code="q">(pbk.)</subfield>
      </datafield>
      <datafield tag="020" ind1=" " ind2=" ">
         <subfield code="a">3161532155</subfield>
         <subfield code="q">(pbk.)</subfield>
      </datafield>
      <datafield tag="035" ind1="7" ind2=" ">
         <subfield code="a">har140066460</subfield>
      </datafield>
      <datafield tag="035" ind1=" " ind2=" ">
         <subfield code="a">(OCoLC)888955796</subfield>
      </datafield>
      <datafield tag="040" ind1=" " ind2=" ">
         <subfield code="a">OHX</subfield>
         <subfield code="b">eng</subfield>
         <subfield code="e">rda</subfield>
         <subfield code="c">OHX</subfield>
         <subfield code="d">CFT</subfield>
         <subfield code="d">CIN</subfield>
         <subfield code="d">OCLCO</subfield>
         <subfield code="d">UKMGB</subfield>
         <subfield code="d">ZCU</subfield>
         <subfield code="d">XII</subfield>
         <subfield code="d">YDXCP</subfield>
         <subfield code="d">OCLCQ</subfield>
         <subfield code="d">NNU</subfield>
      </datafield>
      <datafield tag="041" ind1="1" ind2=" ">
         <subfield code="a">eng</subfield>
         <subfield code="h">grc</subfield>
      </datafield>
      <datafield tag="050" ind1=" " ind2="4">
         <subfield code="a">PA3997</subfield>
         <subfield code="b">.G35 2014</subfield>
      </datafield>
      <datafield tag="072" ind1=" " ind2="7">
         <subfield code="a">B</subfield>
         <subfield code="2">lcco</subfield>
      </datafield>
      <datafield tag="072" ind1=" " ind2="7">
         <subfield code="a">R</subfield>
         <subfield code="2">lcco</subfield>
      </datafield>
      <datafield tag="072" ind1=" " ind2="7">
         <subfield code="a">DG</subfield>
         <subfield code="2">lcco</subfield>
      </datafield>
      <datafield tag="082" ind1="0" ind2="4">
         <subfield code="a">182.4</subfield>
         <subfield code="2">23</subfield>
      </datafield>
      <datafield tag="245" ind1="0" ind2="0">
         <subfield code="a">Galen's De indolentia :</subfield>
         <subfield code="b">essays on a newly discovered letter /</subfield>
         <subfield code="c">edited by Clare K. Rothschild and Trevor W. Thompson.</subfield>
      </datafield>
      <datafield tag="264" ind1=" " ind2="1">
         <subfield code="a">Tübingen :</subfield>
         <subfield code="b">Mohr Siebeck,</subfield>
         <subfield code="c">[2014]</subfield>
      </datafield>
      <datafield tag="264" ind1=" " ind2="4">
         <subfield code="c">©2014</subfield>
      </datafield>
      <datafield tag="300" ind1=" " ind2=" ">
         <subfield code="a">x, 336 pages :</subfield>
         <subfield code="b">illustrations ;</subfield>
         <subfield code="c">24 cm.</subfield>
      </datafield>
      <datafield tag="336" ind1=" " ind2=" ">
         <subfield code="a">text</subfield>
         <subfield code="b">txt</subfield>
         <subfield code="2">rdacontent</subfield>
      </datafield>
      <datafield tag="337" ind1=" " ind2=" ">
         <subfield code="a">unmediated</subfield>
         <subfield code="b">n</subfield>
         <subfield code="2">rdamedia</subfield>
      </datafield>
      <datafield tag="338" ind1=" " ind2=" ">
         <subfield code="a">volume</subfield>
         <subfield code="b">nc</subfield>
         <subfield code="2">rdacarrier</subfield>
      </datafield>
      <datafield tag="490" ind1="1" ind2=" ">
         <subfield code="a">Studien und Texte zu Antike und Christentum =</subfield>
         <subfield code="a">Studies and texts in antiquity and Christianity,</subfield>
         <subfield code="x">1436-3003 ;</subfield>
         <subfield code="v">88</subfield>
      </datafield>
      <datafield tag="504" ind1=" " ind2=" ">
         <subfield code="a">Includes bibliographical references and indexes.</subfield>
      </datafield>
      <datafield tag="505" ind1="0" ind2="0">
         <subfield code="t">Galen of Pergamon --</subfield>
         <subfield code="t">Introduction (with illustration of Vlatadon 14) /</subfield>
         <subfield code="r">Clare K. Rothschild, Trevor W. Thompson --</subfield>
         <subfield code="g">. I.</subfield>
         <subfield code="t">English translation.</subfield>
         <subfield code="t">Galen: "On the avoidance of distress" /</subfield>
         <subfield code="r">Clare K. Rothschild, Trevor W. Thompson.</subfield>
         <subfield code="g">II.</subfield>
         <subfield code="t">Interpretive essays.</subfield>
         <subfield code="t">Manuscript evidence.</subfield>
         <subfield code="t">Vlatadon 14 and Ambrosianus Q 3 sup : two twin manuscripts /</subfield>
         <subfield code="r">Véronique Boudon-Millot --</subfield>
         <subfield code="t">Some quotations from Galen's De indolentia /</subfield>
         <subfield code="r">Daniel Davies.</subfield>
         <subfield code="t">Realia.</subfield>
         <subfield code="t">A library at Antium? /</subfield>
         <subfield code="r">Matthew C. Nicholls --</subfield>
         <subfield code="t">Collecting books, acquiring medicines : knowledge acquisition in Galen's Therapeutics /</subfield>
         <subfield code="r">Alain Touwaide.</subfield>
         <subfield code="t">Philosophy.</subfield>
         <subfield code="t">Galen, De indolentia : commonplaces, traditions, and contexts /</subfield>
         <subfield code="r">Paraskevi Kotzia --</subfield>
         <subfield code="t">Galen's De indolentia and the creation of a personal philosophy /</subfield>
         <subfield code="r">Elizabeth Asmis --</subfield>
         <subfield code="t">Galen's intellectual self-portrait in De indolentia /</subfield>
         <subfield code="r">Janet Downie.</subfield>
         <subfield code="t">Irony.</subfield>
         <subfield code="t">Philology and the rhetoric of catastrophe in Galen's De indolentia /</subfield>
         <subfield code="r">Ralph M. Rosen --</subfield>
         <subfield code="t">The Apocolocyntosis of Commodus or the anti-imperial Tendenz of Galen's De indolentia /</subfield>
         <subfield code="r">Clare K. Rothschild.</subfield>
         <subfield code="t">Christian trajectories.</subfield>
         <subfield code="t">Galen's De indolentia in the context of Greco-Roman medicine, moral philosophy, and physiognomy /</subfield>
         <subfield code="r">John T. Fitzgerald --</subfield>
         <subfield code="t">The pathology and cure of grief : Galen's De indolentia in context /</subfield>
         <subfield code="r">L. Michael White --</subfield>
         <subfield code="t">Possessions, distress, and the problem of emotions : De indolentia and the Gospel of Luke in juxtaposition /</subfield>
         <subfield code="r">Richard A. Wright.</subfield>
         <subfield code="g">III.</subfield>
         <subfield code="t">Ancillary material.</subfield>
         <subfield code="t">Collation of the critical editions of Galen's De indolentia /</subfield>
         <subfield code="r">Trevor W. Thompson.</subfield>
      </datafield>
      <datafield tag="520" ind1=" " ind2=" ">
         <subfield code="a">"The recently discovered letter De indolentia is a moral-philosophical treatise in which Galen describes his response to the fire in the city of Rome (192 CE) that destroyed a significant portion of his library and medicines. In addition to essays on important aspects of the text, this volume includes an English translation, a collation of leading critical editions, and an expansive bibliography"--Back cover.</subfield>
      </datafield>
      <datafield tag="600" ind1="0" ind2="0">
         <subfield code="a">Galen.</subfield>
      </datafield>
      <datafield tag="600" ind1="0" ind2="0">
         <subfield code="a">Galen.</subfield>
         <subfield code="t">De indolentia.</subfield>
      </datafield>
      <datafield tag="700" ind1="1" ind2=" ">
         <subfield code="a">Rothschild, Clare K.,</subfield>
         <subfield code="d">1964-</subfield>
         <subfield code="e">editor.</subfield>
      </datafield>
      <datafield tag="700" ind1="1" ind2=" ">
         <subfield code="a">Thompson, Trevor W.,</subfield>
         <subfield code="d">1975-</subfield>
         <subfield code="e">editor.</subfield>
      </datafield>
      <datafield tag="700" ind1="0" ind2="2">
         <subfield code="a">Galen.</subfield>
         <subfield code="t">De indolentia.</subfield>
         <subfield code="l">English.</subfield>
      </datafield>
      <datafield tag="830" ind1=" " ind2="0">
         <subfield code="a">Studien und Texte zu Antike und Christentum ;</subfield>
         <subfield code="v">88.</subfield>
      </datafield>
      <datafield tag="OWN" ind1=" " ind2=" ">
         <subfield code="a">GENERAL</subfield>
      </datafield>
      <datafield tag="AVA" ind1=" " ind2=" ">
         <subfield code="a">NYU50</subfield>
         <subfield code="b">BOBST</subfield>
         <subfield code="c">Main Collection</subfield>
         <subfield code="d">PA3997 .G35 2014</subfield>
         <subfield code="e">available</subfield>
         <subfield code="t">Available</subfield>
         <subfield code="f">1</subfield>
         <subfield code="g">0</subfield>
         <subfield code="h">N</subfield>
         <subfield code="i">0</subfield>
         <subfield code="j">MAIN</subfield>
         <subfield code="k">0</subfield>
      </datafield>
      <datafield tag="AVA" ind1=" " ind2=" ">
         <subfield code="a">NYU50</subfield>
         <subfield code="b">NISAW</subfield>
         <subfield code="c">Small Collection</subfield>
         <subfield code="d">PA3997 .G35 2014</subfield>
         <subfield code="e">available</subfield>
         <subfield code="t">Available</subfield>
         <subfield code="f">1</subfield>
         <subfield code="g">0</subfield>
         <subfield code="h">N</subfield>
         <subfield code="i">0</subfield>
         <subfield code="j">SMALL</subfield>
         <subfield code="k">0</subfield>
      </datafield>
      <marc:datafield tag="852" ind1=" " ind2=" ">
         <marc:subfield code="b">Institute for the Study of the Ancient World, </marc:subfield>
         <marc:subfield code="c">Small Collection</marc:subfield>
         <marc:subfield code="e">15 East 84th St., </marc:subfield>
         <marc:subfield code="e">New York, NY  10028</marc:subfield>
      </marc:datafield>
   </record>