
  
  
  
  
  
  
 
  
  <record xsi:schemaLocation="http://www.loc.gov/MARC21/slim http://www.loc.gov/standards/marcxml/schema/MARC21slim.xsd">
      <leader>00000cam a2200409Ia 4500</leader>
      <controlfield tag="FMT">BK</controlfield>
      <controlfield tag="LDR">00000cam a2200409Ia 4500</controlfield>
      <controlfield tag="001">004376391</controlfield>
      <controlfield tag="003">OCoLC</controlfield>
      <controlfield tag="005">20160801134747.0</controlfield>
      <controlfield tag="008">160726s2009    pl ace   b    010 0 eng d</controlfield>
      <datafield tag="020" ind1=" " ind2=" ">
         <subfield code="a">9788323328261</subfield>
      </datafield>
      <datafield tag="020" ind1=" " ind2=" ">
         <subfield code="a">8323328269</subfield>
      </datafield>
      <datafield tag="035" ind1=" " ind2=" ">
         <subfield code="a">(OCoLC)660366422</subfield>
      </datafield>
      <datafield tag="040" ind1=" " ind2=" ">
         <subfield code="a">HLS</subfield>
         <subfield code="b">eng</subfield>
         <subfield code="c">HLS</subfield>
         <subfield code="d">CUY</subfield>
         <subfield code="d">CIN</subfield>
         <subfield code="d">OCLCF</subfield>
         <subfield code="d">OCLCQ</subfield>
         <subfield code="d">NNU</subfield>
      </datafield>
      <datafield tag="041" ind1=" " ind2=" ">
         <subfield code="a">eng</subfield>
         <subfield code="a">ita</subfield>
         <subfield code="a">ger</subfield>
         <subfield code="a">fre</subfield>
      </datafield>
      <datafield tag="050" ind1=" " ind2="4">
         <subfield code="a">DS285</subfield>
         <subfield code="b">.O72 2009</subfield>
      </datafield>
      <datafield tag="245" ind1="0" ind2="0">
         <subfield code="a">Orbis Parthicus :</subfield>
         <subfield code="b">studies in memory of professor Józef Wolski /</subfield>
         <subfield code="c">edited by Edward Dąbrowa.</subfield>
      </datafield>
      <datafield tag="250" ind1=" " ind2=" ">
         <subfield code="a">Wyd. 1.</subfield>
      </datafield>
      <datafield tag="260" ind1=" " ind2=" ">
         <subfield code="a">Kraków :</subfield>
         <subfield code="b">Jagiellonian University Press,</subfield>
         <subfield code="c">2009.</subfield>
      </datafield>
      <datafield tag="300" ind1=" " ind2=" ">
         <subfield code="a">266 pages :</subfield>
         <subfield code="b">illustrations (some color), color portrait, plans ;</subfield>
         <subfield code="c">24 cm.</subfield>
      </datafield>
      <datafield tag="336" ind1=" " ind2=" ">
         <subfield code="a">text</subfield>
         <subfield code="b">txt</subfield>
         <subfield code="2">rdacontent</subfield>
      </datafield>
      <datafield tag="337" ind1=" " ind2=" ">
         <subfield code="a">unmediated</subfield>
         <subfield code="b">n</subfield>
         <subfield code="2">rdamedia</subfield>
      </datafield>
      <datafield tag="338" ind1=" " ind2=" ">
         <subfield code="a">volume</subfield>
         <subfield code="b">nc</subfield>
         <subfield code="2">rdacarrier</subfield>
      </datafield>
      <datafield tag="490" ind1="1" ind2=" ">
         <subfield code="a">Electrum,</subfield>
         <subfield code="x">1897-3426 ;</subfield>
         <subfield code="v">v. 15</subfield>
      </datafield>
      <datafield tag="504" ind1=" " ind2=" ">
         <subfield code="a">Includes bibliographical references.</subfield>
      </datafield>
      <datafield tag="505" ind1="0" ind2=" ">
         <subfield code="t">Nouruz in Persepolis? : eine Residenz, das Neujahrsfest und eine Theorie /</subfield>
         <subfield code="r">Josef Wiesehöfer --</subfield>
         <subfield code="t">A propos d'Arsace Ier /</subfield>
         <subfield code="r">Jérôme Gaslain --</subfield>
         <subfield code="t">Mithradates I and the beginning of the ruler-cult in Parthia /</subfield>
         <subfield code="r">Edward Dąbrowa --</subfield>
         <subfield code="t">Notes on the Iranian traditions in the architecture of Parthian Nisa /</subfield>
         <subfield code="r">Carlo Lippolis --</subfield>
         <subfield code="t">La figura del cavaliere nella coroplastica di Seleucia al Tigri /</subfield>
         <subfield code="r">Roberta Menegazzi --</subfield>
         <subfield code="t">Il problema del culto del sovrano nella regalitá arsacide : appunti per una discussione /</subfield>
         <subfield code="r">Federicomaria Muccioli --</subfield>
         <subfield code="t">Some important Seleucid and Parthian dates in the Babylonian Goal-Year texts /</subfield>
         <subfield code="r">Gholamreza F. Assar --</subfield>
         <subfield code="t">Artabanus of Trogus Pompeius' 41st Prologue /</subfield>
         <subfield code="r">Gholamreza F. Assar --</subfield>
         <subfield code="t">The coinage of the so-called Parthian "dark age" revisited /</subfield>
         <subfield code="r">Alberto M. Simonetta --</subfield>
         <subfield code="t">Some remarks on the chronology and coinage of the Parthian "dark age" /</subfield>
         <subfield code="r">Gholamreza F. Assar --</subfield>
         <subfield code="t">Note in margine alla battaglia di Carre /</subfield>
         <subfield code="r">Giusto Traina --</subfield>
         <subfield code="t">Ein Arsakide im Heer des Septimius Severus : Überlegungen zu den Hintergründen des zweiten Partherkrieges /</subfield>
         <subfield code="r">Udo Hartmann.</subfield>
      </datafield>
      <datafield tag="546" ind1=" " ind2=" ">
         <subfield code="a">Contributions in English, Italian, German or French.</subfield>
      </datafield>
      <datafield tag="651" ind1=" " ind2="0">
         <subfield code="a">Parthia</subfield>
         <subfield code="x">History.</subfield>
      </datafield>
      <datafield tag="600" ind1="3" ind2="0">
         <subfield code="a">Arsacid dynasty,</subfield>
         <subfield code="d">247 B.C.-224 A.D.</subfield>
      </datafield>
      <datafield tag="700" ind1="1" ind2=" ">
         <subfield code="a">Wolski, Józef.</subfield>
      </datafield>
      <datafield tag="700" ind1="1" ind2=" ">
         <subfield code="a">Dąbrowa, Edward.</subfield>
      </datafield>
      <datafield tag="830" ind1=" " ind2="0">
         <subfield code="a">Electrum (Uniwersytet Jagielloński. Instytut Historii) ;</subfield>
         <subfield code="v">v. 15.</subfield>
      </datafield>
      <datafield tag="OWN" ind1=" " ind2=" ">
         <subfield code="a">GENERAL</subfield>
      </datafield>
      <datafield tag="AVA" ind1=" " ind2=" ">
         <subfield code="a">NYU50</subfield>
         <subfield code="b">NISAW</subfield>
         <subfield code="c">Small Collection</subfield>
         <subfield code="d">DS285 .O72 2009</subfield>
         <subfield code="e">available</subfield>
         <subfield code="t">Available</subfield>
         <subfield code="f">1</subfield>
         <subfield code="g">0</subfield>
         <subfield code="h">N</subfield>
         <subfield code="i">0</subfield>
         <subfield code="j">SMALL</subfield>
         <subfield code="k">0</subfield>
      </datafield>
      <marc:datafield tag="852" ind1=" " ind2=" ">
         <marc:subfield code="b">Institute for the Study of the Ancient World, </marc:subfield>
         <marc:subfield code="c">Small Collection</marc:subfield>
         <marc:subfield code="e">15 East 84th St., </marc:subfield>
         <marc:subfield code="e">New York, NY  10028</marc:subfield>
      </marc:datafield>
   </record>