
  
  
  
  
  
  
  
  
 
  
  <record xsi:schemaLocation="http://www.loc.gov/MARC21/slim http://www.loc.gov/standards/marcxml/schema/MARC21slim.xsd">
      <leader>00000cam a2200589Ii 4500</leader>
      <controlfield tag="FMT">BK</controlfield>
      <controlfield tag="LDR">00000cam a2200589Ii 4500</controlfield>
      <controlfield tag="001">004376722</controlfield>
      <controlfield tag="003">OCoLC</controlfield>
      <controlfield tag="005">20160728154307.0</controlfield>
      <controlfield tag="008">160728s2014    au abde  b    100 0 eng d</controlfield>
      <datafield tag="020" ind1=" " ind2=" ">
         <subfield code="a">9783700177616</subfield>
         <subfield code="q">paperback</subfield>
      </datafield>
      <datafield tag="020" ind1=" " ind2=" ">
         <subfield code="a">3700177615</subfield>
         <subfield code="q">paperback</subfield>
      </datafield>
      <datafield tag="035" ind1=" " ind2=" ">
         <subfield code="a">(OCoLC)900531829</subfield>
         <subfield code="z">(OCoLC)904183607</subfield>
      </datafield>
      <datafield tag="040" ind1=" " ind2=" ">
         <subfield code="a">LUNQA</subfield>
         <subfield code="e">rda</subfield>
         <subfield code="b">eng</subfield>
         <subfield code="c">LUNQA</subfield>
         <subfield code="d">OCLCO</subfield>
         <subfield code="d">OCLCF</subfield>
         <subfield code="d">BTCTA</subfield>
         <subfield code="d">YDXCP</subfield>
         <subfield code="d">OHX</subfield>
         <subfield code="d">JPG</subfield>
         <subfield code="d">OCLCO</subfield>
         <subfield code="d">OCL</subfield>
         <subfield code="d">OCLCO</subfield>
         <subfield code="d">FDA</subfield>
         <subfield code="d">OCLCO</subfield>
      </datafield>
      <datafield tag="043" ind1=" " ind2=" ">
         <subfield code="a">a-tu---</subfield>
      </datafield>
      <datafield tag="050" ind1=" " ind2="4">
         <subfield code="a">HT114</subfield>
         <subfield code="b">.W47 2014</subfield>
      </datafield>
      <datafield tag="072" ind1=" " ind2="7">
         <subfield code="a">GN</subfield>
         <subfield code="2">lcco</subfield>
      </datafield>
      <datafield tag="245" ind1="0" ind2="0">
         <subfield code="a">Western Anatolia before Troy :</subfield>
         <subfield code="b">proto-urbanisation in the 4th millennium BC? : proceedings of the International Symposium held at the Kunsthistorisches Museum Wien, Vienna, Austria, 21-24 November, 2012 /</subfield>
         <subfield code="c">Barbara Horejs, Mathias Mehofer (eds.).</subfield>
      </datafield>
      <datafield tag="264" ind1=" " ind2="1">
         <subfield code="a">Vienna :</subfield>
         <subfield code="b">Austrian Academy of Sciences Press,</subfield>
         <subfield code="c">2014.</subfield>
      </datafield>
      <datafield tag="300" ind1=" " ind2=" ">
         <subfield code="a">492 pages :</subfield>
         <subfield code="b">illustrations (chiefly color), maps, plans, charts ;</subfield>
         <subfield code="c">30 cm.</subfield>
      </datafield>
      <datafield tag="336" ind1=" " ind2=" ">
         <subfield code="a">text</subfield>
         <subfield code="b">txt</subfield>
         <subfield code="2">rdacontent</subfield>
      </datafield>
      <datafield tag="336" ind1=" " ind2=" ">
         <subfield code="a">still image</subfield>
         <subfield code="b">sti</subfield>
         <subfield code="2">rdacontent</subfield>
      </datafield>
      <datafield tag="337" ind1=" " ind2=" ">
         <subfield code="a">unmediated</subfield>
         <subfield code="b">n</subfield>
         <subfield code="2">rdamedia</subfield>
      </datafield>
      <datafield tag="338" ind1=" " ind2=" ">
         <subfield code="a">volume</subfield>
         <subfield code="b">nc</subfield>
         <subfield code="2">rdacarrier</subfield>
      </datafield>
      <datafield tag="490" ind1="1" ind2=" ">
         <subfield code="a">Oriental and European archaeology ;</subfield>
         <subfield code="v">volume 1</subfield>
      </datafield>
      <datafield tag="500" ind1=" " ind2=" ">
         <subfield code="a">Proceedings of an international conference held at the Kunsthistorisches Museum Wien, November 21-24, 2012.</subfield>
      </datafield>
      <datafield tag="504" ind1=" " ind2=" ">
         <subfield code="a">Includes bibliographical references.</subfield>
      </datafield>
      <datafield tag="505" ind1="0" ind2="0">
         <subfield code="g">Western Anatolia.</subfield>
         <subfield code="t">Proto-urbanisation without urban centres? :</subfield>
         <subfield code="t">a model of transformation for the Izmir Region in the 4th millennium BC /</subfield>
         <subfield code="r">Barbara Horejs ;</subfield>
         <subfield code="t">Past stories--modern narratives :</subfield>
         <subfield code="t">cultural dialogues between East Aegean Islands /</subfield>
         <subfield code="r">Ourania Kouka ;</subfield>
         <subfield code="t">New insights into the late Chalcolithic of coastal western Anatolia :</subfield>
         <subfield code="t">a view from Bakla Tepe, Izmir /</subfield>
         <subfield code="r">Vasıf Şahoğlu, Riza Tuncel ;</subfield>
         <subfield code="t">New contributions regarding prehistoric cultures in the Meander Region :</subfield>
         <subfield code="t">Çine-Tepecik /</subfield>
         <subfield code="r">Sevinç Günel ;</subfield>
         <subfield code="t">Iasos, the Carian Chalcolithic and its relations with northern central Anatolia /</subfield>
         <subfield code="r">Christoph Gerber ;</subfield>
         <subfield code="t">The middle Chalcolithic cultural sequence of the Troad (northwest Anatolia) :</subfield>
         <subfield code="t">chronological and interregional assessment /</subfield>
         <subfield code="r">Stephan Blum ;</subfield>
         <subfield code="t">The early Bronze Age chronology of Troy (periods I-III) :</subfield>
         <subfield code="t">pottery seriation, radiocarbon dating and the gap /</subfield>
         <subfield code="r">Bernhard Weninger, Donald Easton --</subfield>
         <subfield code="g">The Balkans, the Marmara Region and Greece.</subfield>
      </datafield>
      <datafield tag="505" ind1="0" ind2="0">
         <subfield code="9"/>
         <subfield code="t">In quest of a missing era in eastern Thrace--dilemma of the 4th millennium /</subfield>
         <subfield code="r">Mehmet Özdoğan ;</subfield>
         <subfield code="t">The wealth of the tells :</subfield>
         <subfield code="t">complex settlement patterns and specialisations in the west Pontic area between 4600 and 4250 calBC /</subfield>
         <subfield code="r">Agathe Reingruber ;</subfield>
         <subfield code="t">The 4th millennium :</subfield>
         <subfield code="t">a watershed in European prehistory /</subfield>
         <subfield code="r">Svend Hansen ;</subfield>
         <subfield code="t">Troy, Baden culture and corded ware :</subfield>
         <subfield code="t">correlations in the Balkan-Carpathian region at the turn of the 4th millennium BC /</subfield>
         <subfield code="r">Raiko Krauss ;</subfield>
         <subfield code="t">Formation or transformation? :</subfield>
         <subfield code="t">the 4th millennium BC in the Aegean and the Balkans /</subfield>
         <subfield code="r">Zoï Tsirtsoni ;</subfield>
         <subfield code="t">Times of change :</subfield>
         <subfield code="t">Greece and the Aegean during the 4th millennium BC /</subfield>
         <subfield code="r">Eva Alram-Stern ;</subfield>
         <subfield code="t">The emergence of trade and the integration of Crete into the wider Aegean in the late 4th millennium :</subfield>
         <subfield code="t">new evidence and implications /</subfield>
         <subfield code="r">Yiannis Papadatos, Peter Tomkins ;</subfield>
         <subfield code="t">Tracing complexity in 'the missing millennium' :</subfield>
         <subfield code="t">an overview of recent research into the final Neolithic period on Crete /</subfield>
      </datafield>
      <datafield tag="505" ind1="0" ind2="0">
         <subfield code="9"/>
         <subfield code="r">Peter Tomkins --</subfield>
         <subfield code="g">Environment, economy and technologies.</subfield>
         <subfield code="t">Agricultural patterns in the Aegean in the 4th millennium BC :</subfield>
         <subfield code="t">an explanatory model /</subfield>
         <subfield code="r">Simone Riehl, Konstantin Pustovoytov, Hussein Othmanli ;</subfield>
         <subfield code="t">Late Chalcolithic subsistence strategies on the basis of two examples :</subfield>
         <subfield code="t">the Çukiriçi Höyük in western Anatolia and the Barcın Höyük in northwestern Anatolia /</subfield>
         <subfield code="r">Alfred Galik ;</subfield>
         <subfield code="t">Isotopic indicators of community organisation and integration at İkiztepe :</subfield>
         <subfield code="t">implications for Anatolian social development in the 4th millennium BC /</subfield>
         <subfield code="r">Lynn Welton ;</subfield>
         <subfield code="t">Lithic production before and after the 4th millennium BC in the Lower Danube, South East Bulgaria, Marmara Region and eastern Aegean /</subfield>
         <subfield code="r">Ivan Gatsov, Petranka Nedelcheva ;</subfield>
         <subfield code="t">Weaving society in late Chalcolithic Anatolia :</subfield>
         <subfield code="t">textile production and social strategies in the 4th millennium BC /</subfield>
         <subfield code="r">Ulf Schoop ;</subfield>
         <subfield code="t">The development of metallurgy in western Anatolia, the Aegean and southeastern Europe before Troy /</subfield>
         <subfield code="r">Ernst Pernicka ;</subfield>
      </datafield>
      <datafield tag="505" ind1="0" ind2="0">
         <subfield code="9"/>
         <subfield code="t">Metallurgy during the Chalcolithic and the beginning of the early Bronze Age in western Anatolia /</subfield>
         <subfield code="r">Mathias Mehofer.</subfield>
      </datafield>
      <datafield tag="520" ind1=" " ind2=" ">
         <subfield code="a">"OREA 1 presents the scientific results of the international symposium Western Anatolia before Troy--Proto-Urbanisation in the 4th Millennium BC? The sparse archaeological data published for the 5th and 4th millennia BC and the archaeological picture of western Anatolia, fundamentally changed in the last decades, needed to bring together specialists of western Turkey and the neighbouring regions to discuss new data in the light of socio-cultural processes in the period before Troy. Furthermore, following the results of the ERC research group (ERC project Prehistoric Anatolia), it appeared high time to focus on this period as it had been frequently neglected in the recent dynamic prehistoric research in western Turkey. The intermediate millennia between the archaeological focus on the Neolithic (and early Chalcolithic) of the 7th and 6th millennia BC with ground-breaking results and publications on the one hand and traditional research on the Early Bronze Age in the 3rd millennium BC with new input from important key sites on the other hand remained more or less neglected. The symposium aimed to shed light on these developments and focus in particular on the formation of centres of regional and supra-regional importance that emerged in western Anatolia and the broader geographical context of the Balkans, the Marmara Sea, the Greek mainland and Crete"--</subfield>
         <subfield code="c">Back cover.</subfield>
      </datafield>
      <datafield tag="650" ind1=" " ind2="0">
         <subfield code="a">Urbanization</subfield>
         <subfield code="z">Turkey</subfield>
         <subfield code="x">History</subfield>
         <subfield code="y">To 1500</subfield>
         <subfield code="v">Congresses.</subfield>
      </datafield>
      <datafield tag="650" ind1=" " ind2="0">
         <subfield code="a">Excavations (Archaeology)</subfield>
         <subfield code="z">Turkey</subfield>
         <subfield code="v">Congresses.</subfield>
      </datafield>
      <datafield tag="651" ind1=" " ind2="0">
         <subfield code="a">Turkey</subfield>
         <subfield code="x">Antiquities</subfield>
         <subfield code="v">Congresses.</subfield>
      </datafield>
      <datafield tag="650" ind1=" " ind2="0">
         <subfield code="a">Cities and towns, Ancient</subfield>
         <subfield code="z">Turkey</subfield>
         <subfield code="x">History</subfield>
         <subfield code="v">Congresses.</subfield>
      </datafield>
      <datafield tag="700" ind1="1" ind2=" ">
         <subfield code="a">Horejs, Barbara,</subfield>
         <subfield code="e">editor.</subfield>
      </datafield>
      <datafield tag="700" ind1="1" ind2=" ">
         <subfield code="a">Mehofer, Mathias,</subfield>
         <subfield code="e">editor.</subfield>
      </datafield>
      <datafield tag="710" ind1="2" ind2=" ">
         <subfield code="a">Kunsthistorisches Museum Wien,</subfield>
         <subfield code="e">host institution.</subfield>
      </datafield>
      <datafield tag="830" ind1=" " ind2="0">
         <subfield code="a">Oriental and European archaeology ;</subfield>
         <subfield code="v">v. 1.</subfield>
      </datafield>
      <datafield tag="OWN" ind1=" " ind2=" ">
         <subfield code="a">GENERAL</subfield>
      </datafield>
      <datafield tag="AVA" ind1=" " ind2=" ">
         <subfield code="a">NYU50</subfield>
         <subfield code="b">NISAW</subfield>
         <subfield code="c">Large Collection</subfield>
         <subfield code="d">HT114 .W47 2014</subfield>
         <subfield code="e">available</subfield>
         <subfield code="t">Available</subfield>
         <subfield code="f">1</subfield>
         <subfield code="g">0</subfield>
         <subfield code="h">N</subfield>
         <subfield code="i">0</subfield>
         <subfield code="j">LARGE</subfield>
         <subfield code="k">0</subfield>
      </datafield>
      <marc:datafield tag="852" ind1=" " ind2=" ">
         <marc:subfield code="b">Institute for the Study of the Ancient World, </marc:subfield>
         <marc:subfield code="c">Large Collection</marc:subfield>
         <marc:subfield code="e">15 East 84th St., </marc:subfield>
         <marc:subfield code="e">New York, NY  10028</marc:subfield>
      </marc:datafield>
   </record>